{"SeoMetaTags":{"Title":"Freezer | Woolworths","MetaDescription":"Shop online for Woolworths' great range of Freezer food. Delivered straight to your door or Pick up from your local store.","Groups":[]},"Bundles":[{"Products":[{"TileID":0,"Stockcode":516857,"Barcode":"9300633582920","GtinFormat":13,"CupPrice":null,"InstoreCupPrice":null,"CupMeasure":"1KG","CupString":"","InstoreCupString":"","HasCupPrice":false,"InstoreHasCupPrice":false,"Price":null,"InstorePrice":null,"Name":"Bell Farms Chopped Spinach","DisplayName":"Bell Farms Chopped Spinach 250g","UrlFriendlyName":"bell-farms-chopped-spinach","Description":" Bell Farms Chopped Spinach  250G","SmallImageFile":"https://cdn0.woolworths.media/content/wowproductimages/small/516857.jpg","MediumImageFile":"https://cdn0.woolworths.media/content/wowproductimages/medium/516857.jpg","LargeImageFile":"https://cdn0.woolworths.media/content/wowproductimages/large/516857.jpg","IsNew":false,"IsHalfPrice":false,"IsOnlineOnly":false,"IsOnSpecial":false,"InstoreIsOnSpecial":false,"IsEdrSpecial":false,"SavingsAmount":null,"InstoreSavingsAmount":null,"WasPrice":0.95,"InstoreWasPrice":0.95,"QuantityInTrolley":0,"Unit":"Each","MinimumQuantity":1,"HasBeenBoughtBefore":false,"IsInTrolley":false,"Source":"Aisle.Freezer","SupplyLimit":50,"ProductLimit":50,"MaxSupplyLimitMessage":"50 item limit","IsRanged":true,"IsInStock":false,"PackageSize":"250G","IsPmDelivery":true,"IsForCollection":true,"IsForDelivery":true,"IsForExpress":true,"ProductRestrictionMessage":null,"ProductWarningMessage":null,"CentreTag":{"TagContent":null,"TagLink":null,"FallbackText":null,"TagType":"None","MultibuyData":null,"TagContentText":null,"DualImageTagContent":null,"PromotionType":"NOT_SET","IsRegisteredRewardCardPromotion":false},"IsCentreTag":false,"ImageTag":{"TagContent":null,"TagLink":null,"FallbackText":null,"TagType":"None","MultibuyData":null,"TagContentText":null,"DualImageTagContent":null,"PromotionType":"NOT_SET","IsRegisteredRewardCardPromotion":false},"HeaderTag":null,"HasHeaderTag":false,"UnitWeightInGrams":0,"SupplyLimitMessage":"'Bell Farms Chopped Spinach' has a supply limit of 50. The quantity in your cart has been reduced accordingly. To purchase a larger quantity, please contact us on 1800 000 610. Please note we do not supply trade orders.","SmallFormatDescription":"Bell Farms Chopped Spinach ","FullDescription":"Bell Farms Chopped Spinach ","IsAvailable":false,"InstoreIsAvailable":false,"IsPurchasable":false,"InstoreIsPurchasable":false,"AgeRestricted":false,"DisplayQuantity":1,"RichDescription":null,"HideWasSavedPrice":true,"SapCategories":null,"Brand":"Bell Farms","IsRestrictedByDeliveryMethod":false,"FooterTag":{"TagContent":null,"TagLink":null,"FallbackText":null,"TagType":"None","MultibuyData":null,"TagContentText":null,"DualImageTagContent":null,"PromotionType":"NOT_SET","IsRegisteredRewardCardPromotion":false},"IsFooterEnabled":true,"Diagnostics":"0","IsBundle":false,"IsInFamily":false,"ChildProducts":null,"UrlOverride":null,"AdditionalAttributes":{"boxedcontents":null,"addedvitaminsandminerals":"False","sapdepartmentname":"GROCERIES","spf":null,"haircolour":null,"lifestyleanddietarystatement":"Vegan","sapcategoryname":"FROZEN MEALS","skintype":null,"importantinformation":null,"allergystatement":"No Artificial Colours or Flavours","productdepthmm":null,"skincondition":null,"ophthalmologistapproved":null,"healthstarrating":"5","hairtype":null,"fragrance-free":null,"sapsegmentname":"SPINACH","suitablefor":null,"PiesProductDepartmentsjson":"[{\"Id\":\"1_ACA2FC2\",\"Description\":\"Freezer\"}]","piessubcategorynamesjson":"[\"Other Vegetables\",\"Gluten Free\"]","sapsegmentno":"18","productwidthmm":null,"contains":null,"sapsubcategoryname":"FREEZER - VEGETABLES","dermatologisttested":null,"wool_productpackaging":null,"dermatologicallyapproved":null,"specialsgroupid":null,"productimages":"516857.jpg,516857_2.jpg","productheightmm":null,"r&r_hidereviews":null,"microwavesafe":"False","paba-free":null,"lifestyleclaim":null,"alcoholfree":null,"tgawarning":null,"activeconstituents":null,"microwaveable":"False","soap-free":null,"countryoforigin":null,"isexcludedfromsubstitution":"False","productimagecount":"2","r&r_loggedinreviews":null,"anti-dandruff":null,"servingsize-total-nip":null,"tgahealthwarninglink":null,"allergenmaybepresent":null,"PiesProductDepartmentNodeId":"1_ACA2FC2","parabenfree":"False","vendorarticleid":null,"containsgluten":"False","containsnuts":"False","ingredients":"Chopped Spinach Portions","colour":null,"manufacturer":null,"sapcategoryno":"97","storageinstructions":"Keep Frozen","tgawarnings":null,"piesdepartmentnamesjson":"[\"Freezer\"]","brand":"bell farms","oilfree":null,"fragrance":null,"antibacterial":"False","non-comedogenic":null,"antiseptic":"False","bpafree":"False","vendorcostprice":null,"description":"1 serve (75g) = 1 serve of vegetables (1)\n(1) One serve of vegetables is equal to approximately 75g. Australian Dietary Guidelines recommend 5 serves of vegetables per day.\n\nOur snap frozen Chopped Spinach in convenient size portions!","sweatresistant":null,"sapsubcategoryno":"103","claims":null,"antioxidant":"False","phbalanced":null,"wool_dietaryclaim":null,"ophthalmologisttested":null,"sulfatefree":"False","servingsperpack-total-nip":null,"piescategorynamesjson":"[\"Frozen Vegetables\",\"Frozen Gluten Free\"]","nutritionalinformation":"{\"Name\":\"Nutritional Information\",\"Attributes\":[{\"Id\":702,\"Name\":\"Calcium Quantity Per 100g - Total - NIP\",\"Value\":null,\"Description\":\"Calcium Quantity Per 100g - Total - NIP\",\"SortOrder\":71},{\"Id\":47,\"Name\":\"Calcium Quantity Per Serve - Total - NIP\",\"Value\":null,\"Description\":\"Calcium Quantity Per Serve - Total - NIP\",\"SortOrder\":75},{\"Id\":705,\"Name\":\"Carbohydrate Quantity Per 100g - Total - NIP\",\"Value\":\"Approx. 2g\",\"Description\":\"Carbohydrate Quantity Per 100g - Total - NIP\",\"SortOrder\":83},{\"Id\":706,\"Name\":\"Carbohydrate Quantity Per Serve - Total - NIP\",\"Value\":\"Approx. 1.5g\",\"Description\":\"Carbohydrate Quantity Per Serve - Total - NIP\",\"SortOrder\":87},{\"Id\":191,\"Name\":\"Dietary Fibre Quantity Per 100g - Total - NIP\",\"Value\":\"Approx. 3.3g\",\"Description\":\"Dietary Fibre Quantity Per 100g - Total - NIP\",\"SortOrder\":175},{\"Id\":120,\"Name\":\"Dietary Fibre Quantity Per Serve - Total - NIP\",\"Value\":\"Approx. 2.5g\",\"Description\":\"Dietary Fibre Quantity Per Serve - Total - NIP\",\"SortOrder\":179},{\"Id\":759,\"Name\":\"Energy kJ Quantity Per 100g - Total - NIP\",\"Value\":\"Approx. 117kJ\",\"Description\":\"Energy kJ Quantity Per 100g - Total - NIP\",\"SortOrder\":239},{\"Id\":760,\"Name\":\"Energy kJ Quantity Per Serve - Total - NIP\",\"Value\":\"Approx. 87kJ\",\"Description\":\"Energy kJ Quantity Per Serve - Total - NIP\",\"SortOrder\":243},{\"Id\":253,\"Name\":\"Fat Saturated Quantity Per 100g - Total - NIP\",\"Value\":\"<1g\",\"Description\":\"Fat Saturated Quantity Per 100g - Total - NIP\",\"SortOrder\":251},{\"Id\":258,\"Name\":\"Fat Saturated Quantity Per Serve - Total - NIP\",\"Value\":\"<1g\",\"Description\":\"Fat Saturated Quantity Per Serve - Total - NIP\",\"SortOrder\":255},{\"Id\":764,\"Name\":\"Fat Total Quantity Per 100g - Total - NIP\",\"Value\":\"<1g\",\"Description\":\"Fat Total Quantity Per 100g - Total - NIP\",\"SortOrder\":263},{\"Id\":166,\"Name\":\"Fat Total Quantity Per 100g - ValueWord - NIP\",\"Value\":\"1\",\"Description\":\"Fat Total Quantity Per 100g - ValueWord - NIP\",\"SortOrder\":264},{\"Id\":264,\"Name\":\"Fat Total Quantity Per Serve - Total - NIP\",\"Value\":\"<1g\",\"Description\":\"Fat Total Quantity Per Serve - Total - NIP\",\"SortOrder\":267},{\"Id\":443,\"Name\":\"Potassium Quantity Per 100g - Total - NIP\",\"Value\":\"425mg\",\"Description\":\"Potassium Quantity Per 100g - Total - NIP\",\"SortOrder\":575},{\"Id\":493,\"Name\":\"Potassium Quantity Per Serve - Total - NIP\",\"Value\":\"318.75mg\",\"Description\":\"Potassium Quantity Per Serve - Total - NIP\",\"SortOrder\":579},{\"Id\":878,\"Name\":\"Protein Quantity Per 100g - Total - NIP\",\"Value\":\"Approx. 2g\",\"Description\":\"Protein Quantity Per 100g - Total - NIP\",\"SortOrder\":587},{\"Id\":882,\"Name\":\"Protein Quantity Per Serve - Total - NIP\",\"Value\":\"Approx. 1.5g\",\"Description\":\"Protein Quantity Per Serve - Total - NIP\",\"SortOrder\":591},{\"Id\":477,\"Name\":\"Serving Size - Total - NIP\",\"Value\":\"75g\",\"Description\":\"Serving Size - Total - NIP\",\"SortOrder\":607},{\"Id\":544,\"Name\":\"Servings Per Pack - Total - NIP\",\"Value\":\"3.3\",\"Description\":\"Servings Per Pack - Total - NIP\",\"SortOrder\":611},{\"Id\":491,\"Name\":\"Sodium Quantity Per 100g - Total - NIP\",\"Value\":\"Approx. 36mg\",\"Description\":\"Sodium Quantity Per 100g - Total - NIP\",\"SortOrder\":623},{\"Id\":495,\"Name\":\"Sodium Quantity Per Serve - Total - NIP\",\"Value\":\"Approx. 27mg\",\"Description\":\"Sodium Quantity Per Serve - Total - NIP\",\"SortOrder\":627},{\"Id\":907,\"Name\":\"Sugars Quantity Per 100g - Prefix - NIP\",\"Value\":\"Approx. \",\"Description\":\"Sugars Quantity Per 100g - Prefix - NIP\",\"SortOrder\":645},{\"Id\":908,\"Name\":\"Sugars Quantity Per 100g - SuffixUnits - NIP\",\"Value\":\"g\",\"Description\":\"Sugars Quantity Per 100g - SuffixUnits - NIP\",\"SortOrder\":646},{\"Id\":909,\"Name\":\"Sugars Quantity Per 100g - Total - NIP\",\"Value\":\"Approx. 1.3g\",\"Description\":\"Sugars Quantity Per 100g - Total - NIP\",\"SortOrder\":647},{\"Id\":910,\"Name\":\"Sugars Quantity Per 100g - ValueWord - NIP\",\"Value\":\"1.3\",\"Description\":\"Sugars Quantity Per 100g - ValueWord - NIP\",\"SortOrder\":648},{\"Id\":504,\"Name\":\"Sugars Quantity Per Serve - Prefix - NIP\",\"Value\":\"Approx. \",\"Description\":\"Sugars Quantity Per Serve - Prefix - NIP\",\"SortOrder\":649},{\"Id\":911,\"Name\":\"Sugars Quantity Per Serve - SuffixUnits - NIP\",\"Value\":\"g\",\"Description\":\"Sugars Quantity Per Serve - SuffixUnits - NIP\",\"SortOrder\":650},{\"Id\":912,\"Name\":\"Sugars Quantity Per Serve - Total - NIP\",\"Value\":\"Approx. 1g\",\"Description\":\"Sugars Quantity Per Serve - Total - NIP\",\"SortOrder\":651},{\"Id\":572,\"Name\":\"Sugars Quantity Per Serve - ValueWord - NIP\",\"Value\":\"1\",\"Description\":\"Sugars Quantity Per Serve - ValueWord - NIP\",\"SortOrder\":652}]}","ovencook":"False","vegetarian":"False","hypo-allergenic":null,"timer":null,"dermatologistrecommended":null,"sapdepartmentno":"5","allergencontains":null,"waterresistant":null,"friendlydisclaimer":null,"recyclableinformation":null,"usageinstructions":null,"freezable":"False"},"DetailsImagePaths":["https://cdn0.woolworths.media/content/wowproductimages/large/516857.jpg"],"Variety":null,"Rating":{"ReviewCount":544,"RatingCount":544,"RatingSum":2457,"OneStarCount":7,"TwoStarCount":12,"ThreeStarCount":33,"FourStarCount":133,"FiveStarCount":359,"Average":4.51654411764706,"OneStarPercentage":1.28676470588235,"TwoStarPercentage":2.20588235294118,"ThreeStarPercentage":6.06617647058824,"FourStarPercentage":24.4485294117647,"FiveStarPercentage":65.9926470588235},"HasProductSubs":false,"IsSponsoredAd":false,"AdID":null,"AdIndex":null,"IsMarketProduct":false,"IsGiftable":false,"Vendor":null,"Untraceable":false,"ThirdPartyProductInfo":null,"MarketFeatures":null,"MarketSpecifications":null,"SupplyLimitSource":"ProductLimit","Tags":null,"IsPersonalisedByPurchaseHistory":false,"IsFromFacetedSearch":false,"NextAvailabilityDate":null,"NumberOfSubstitutes":1,"IsPrimaryVariant":false,"VariantGroupId":0,"HasVariants":false,"VariantTitle":null,"IsTobacco":false}],"Name":"Bell Farms Chopped Spinach","DisplayName":"Bell Farms Chopped Spinach 250g"},{"Products":[{"TileID":0,"Stockcode":183622,"Barcode":"9339687276318","GtinFormat":13,"CupPrice":null,"InstoreCupPrice":null,"CupMeasure":"100G","CupString":"","InstoreCupString":"","HasCupPrice":false,"InstoreHasCupPrice":false,"Price":null,"InstorePrice":null,"Name":"Woolworths Australian Beef Microwave Sausage Roll","DisplayName":"Woolworths Australian Beef Microwave Sausage Roll 175g","UrlFriendlyName":"woolworths-australian-beef-microwave-sausage-roll","Description":" Woolworths Australian Beef<br>Microwave Sausage... 175g","SmallImageFile":"https://cdn0.woolworths.media/content/wowproductimages/small/183622.jpg","MediumImageFile":"https://cdn0.woolworths.media/content/wowproductimages/medium/183622.jpg","LargeImageFile":"https://cdn0.woolworths.media/content/wowproductimages/large/183622.jpg","IsNew":false,"IsHalfPrice":false,"IsOnlineOnly":false,"IsOnSpecial":false,"InstoreIsOnSpecial":false,"IsEdrSpecial":false,"SavingsAmount":null,"InstoreSavingsAmount":null,"WasPrice":2.2,"InstoreWasPrice":2.2,"QuantityInTrolley":0,"Unit":"Each","MinimumQuantity":1,"HasBeenBoughtBefore":false,"IsInTrolley":false,"Source":"Aisle.Freezer","SupplyLimit":50,"ProductLimit":50,"MaxSupplyLimitMessage":"50 item limit","IsRanged":true,"IsInStock":false,"PackageSize":"175g","IsPmDelivery":false,"IsForCollection":true,"IsForDelivery":true,"IsForExpress":true,"ProductRestrictionMessage":null,"ProductWarningMessage":null,"CentreTag":{"TagContent":null,"TagLink":null,"FallbackText":null,"TagType":"None","MultibuyData":null,"TagContentText":null,"DualImageTagContent":null,"PromotionType":"NOT_SET","IsRegisteredRewardCardPromotion":false},"IsCentreTag":false,"ImageTag":{"TagContent":null,"TagLink":null,"FallbackText":null,"TagType":"None","MultibuyData":null,"TagContentText":null,"DualImageTagContent":null,"PromotionType":"NOT_SET","IsRegisteredRewardCardPromotion":false},"HeaderTag":null,"HasHeaderTag":false,"UnitWeightInGrams":0,"SupplyLimitMessage":"'Woolworths Australian Beef Microwave Sausage Roll' has a supply limit of 50. The quantity in your cart has been reduced accordingly. To purchase a larger quantity, please contact us on 1800 000 610. Please note we do not supply trade orders.","SmallFormatDescription":"Woolworths Australian Beef Microwave Sausage Roll","FullDescription":"Woolworths Australian Beef Microwave Sausage Roll","IsAvailable":false,"InstoreIsAvailable":false,"IsPurchasable":false,"InstoreIsPurchasable":false,"AgeRestricted":false,"DisplayQuantity":1,"RichDescription":null,"HideWasSavedPrice":true,"SapCategories":null,"Brand":"Woolworths","IsRestrictedByDeliveryMethod":false,"FooterTag":{"TagContent":null,"TagLink":null,"FallbackText":null,"TagType":"None","MultibuyData":null,"TagContentText":null,"DualImageTagContent":null,"PromotionType":"NOT_SET","IsRegisteredRewardCardPromotion":false},"IsFooterEnabled":false,"Diagnostics":"1","IsBundle":false,"IsInFamily":false,"ChildProducts":null,"UrlOverride":null,"AdditionalAttributes":{"boxedcontents":null,"addedvitaminsandminerals":"False","sapdepartmentname":"GROCERIES","spf":null,"haircolour":null,"lifestyleanddietarystatement":"High Protein","sapcategoryname":"FROZEN MEALS","skintype":null,"importantinformation":null,"allergystatement":"No Artificial Colours or Flavours","productdepthmm":null,"skincondition":null,"ophthalmologistapproved":null,"healthstarrating":"2","hairtype":null,"fragrance-free":null,"sapsegmentname":"SINGLE SERVE PASTRIES","suitablefor":null,"PiesProductDepartmentsjson":"[{\"Id\":\"1_ACA2FC2\",\"Description\":\"Freezer\"}]","piessubcategorynamesjson":"[\"Pies, Pastries & Quiches\"]","sapsegmentno":"12","productwidthmm":null,"contains":null,"sapsubcategoryname":"FREEZER - SNACKING","dermatologisttested":null,"wool_productpackaging":null,"dermatologicallyapproved":null,"specialsgroupid":null,"productimages":"183622.jpg,183622_2.jpg,183622_3.jpg,183622_6.jpg","productheightmm":null,"r&r_hidereviews":null,"microwavesafe":"False","paba-free":null,"lifestyleclaim":null,"alcoholfree":null,"tgawarning":null,"activeconstituents":null,"microwaveable":"False","soap-free":null,"countryoforigin":null,"isexcludedfromsubstitution":"False","productimagecount":"4","r&r_loggedinreviews":null,"anti-dandruff":null,"servingsize-total-nip":null,"tgahealthwarninglink":null,"allergenmaybepresent":"Egg","PiesProductDepartmentNodeId":"1_ACA2FC2","parabenfree":"False","vendorarticleid":null,"containsgluten":"False","containsnuts":"False","ingredients":"Filling (Beef (21%), Water, Breadcrumbs (Wheat Flour, Yeast, Sugar, Salt, Sunflower Oil, Wheat Gluten), Cereal Binder (Wheat Flour, Wheat Bran, Salt, Wheat Gluten, Seasonings, Mineral Salts (450, 451, 452), Canola Oil), Onion, Textured Soy Protein, Wheat Fibre, Hydrolysed Maize Protein, Seasoning (Salt, Sugar, Vegetable Extract & Spices, Hydrolysed Maize Protein, Yeast, Maize Starch, Spice Extract, Canola Oil), Natural Flavour (Natural Flavour, Sugar, Soy Protein Isolate, Natural Colour (Caramel I), Salt), Seasoning (Salt, Rice Flour, Onion Powder, Cracked Black Pepper, Beef Booster (Salt, Rice Flour, Sugar, Hydrolysed Maize Protein, Canola Oil, Yeast Extract, Natural Flavour, Vegetable Extract), Ground Black Pepper, Chilli Powder, Parsley Flakes), Pastry (Wheat Flour, Margarine (Palm Oil, Water, Salt, Emulsifiers (471, 472c), Antioxidant (304), Natural Flavour, Natural Colour (Carotene)), Water, Salt, Glaze (Milk Solids, Sugar, Mineral Salt (450), Natural Colour (Carotene)))","colour":null,"manufacturer":null,"sapcategoryno":"97","storageinstructions":"Keep Frozen","tgawarnings":null,"piesdepartmentnamesjson":"[\"Freezer\"]","brand":"woolworths","oilfree":null,"fragrance":null,"antibacterial":"False","non-comedogenic":null,"antiseptic":"False","bpafree":"False","vendorcostprice":null,"description":null,"sweatresistant":null,"sapsubcategoryno":"132","claims":null,"antioxidant":"False","phbalanced":null,"wool_dietaryclaim":null,"ophthalmologisttested":null,"sulfatefree":"False","servingsperpack-total-nip":null,"piescategorynamesjson":"[\"Frozen Party Food\"]","nutritionalinformation":"{\"Name\":\"Nutritional Information\",\"Attributes\":[{\"Id\":705,\"Name\":\"Carbohydrate Quantity Per 100g - Total - NIP\",\"Value\":\"27.70g\",\"Description\":\"Carbohydrate Quantity Per 100g - Total - NIP\",\"SortOrder\":83},{\"Id\":706,\"Name\":\"Carbohydrate Quantity Per Serve - Total - NIP\",\"Value\":\"48.50g\",\"Description\":\"Carbohydrate Quantity Per Serve - Total - NIP\",\"SortOrder\":87},{\"Id\":759,\"Name\":\"Energy kJ Quantity Per 100g - Total - NIP\",\"Value\":\"1130.00kJ\",\"Description\":\"Energy kJ Quantity Per 100g - Total - NIP\",\"SortOrder\":239},{\"Id\":760,\"Name\":\"Energy kJ Quantity Per Serve - Total - NIP\",\"Value\":\"1980.00kJ\",\"Description\":\"Energy kJ Quantity Per Serve - Total - NIP\",\"SortOrder\":243},{\"Id\":253,\"Name\":\"Fat Saturated Quantity Per 100g - Total - NIP\",\"Value\":\"6.70g\",\"Description\":\"Fat Saturated Quantity Per 100g - Total - NIP\",\"SortOrder\":251},{\"Id\":258,\"Name\":\"Fat Saturated Quantity Per Serve - Total - NIP\",\"Value\":\"11.70g\",\"Description\":\"Fat Saturated Quantity Per Serve - Total - NIP\",\"SortOrder\":255},{\"Id\":764,\"Name\":\"Fat Total Quantity Per 100g - Total - NIP\",\"Value\":\"13.40g\",\"Description\":\"Fat Total Quantity Per 100g - Total - NIP\",\"SortOrder\":263},{\"Id\":166,\"Name\":\"Fat Total Quantity Per 100g - ValueWord - NIP\",\"Value\":\"13.40\",\"Description\":\"Fat Total Quantity Per 100g - ValueWord - NIP\",\"SortOrder\":264},{\"Id\":264,\"Name\":\"Fat Total Quantity Per Serve - Total - NIP\",\"Value\":\"23.40g\",\"Description\":\"Fat Total Quantity Per Serve - Total - NIP\",\"SortOrder\":267},{\"Id\":878,\"Name\":\"Protein Quantity Per 100g - Total - NIP\",\"Value\":\"9.70g\",\"Description\":\"Protein Quantity Per 100g - Total - NIP\",\"SortOrder\":587},{\"Id\":882,\"Name\":\"Protein Quantity Per Serve - Total - NIP\",\"Value\":\"17.00g\",\"Description\":\"Protein Quantity Per Serve - Total - NIP\",\"SortOrder\":591},{\"Id\":477,\"Name\":\"Serving Size - Total - NIP\",\"Value\":\"175g\",\"Description\":\"Serving Size - Total - NIP\",\"SortOrder\":607},{\"Id\":491,\"Name\":\"Sodium Quantity Per 100g - Total - NIP\",\"Value\":\"453.00mg\",\"Description\":\"Sodium Quantity Per 100g - Total - NIP\",\"SortOrder\":623},{\"Id\":495,\"Name\":\"Sodium Quantity Per Serve - Total - NIP\",\"Value\":\"793.00mg\",\"Description\":\"Sodium Quantity Per Serve - Total - NIP\",\"SortOrder\":627},{\"Id\":907,\"Name\":\"Sugars Quantity Per 100g - Prefix - NIP\",\"Value\":\"<\",\"Description\":\"Sugars Quantity Per 100g - Prefix - NIP\",\"SortOrder\":645},{\"Id\":908,\"Name\":\"Sugars Quantity Per 100g - SuffixUnits - NIP\",\"Value\":\"g\",\"Description\":\"Sugars Quantity Per 100g - SuffixUnits - NIP\",\"SortOrder\":646},{\"Id\":909,\"Name\":\"Sugars Quantity Per 100g - Total - NIP\",\"Value\":\"1.00g\",\"Description\":\"Sugars Quantity Per 100g - Total - NIP\",\"SortOrder\":647},{\"Id\":910,\"Name\":\"Sugars Quantity Per 100g - ValueWord - NIP\",\"Value\":\"1.00\",\"Description\":\"Sugars Quantity Per 100g - ValueWord - NIP\",\"SortOrder\":648},{\"Id\":504,\"Name\":\"Sugars Quantity Per Serve - Prefix - NIP\",\"Value\":\"Approx.\",\"Description\":\"Sugars Quantity Per Serve - Prefix - NIP\",\"SortOrder\":649},{\"Id\":911,\"Name\":\"Sugars Quantity Per Serve - SuffixUnits - NIP\",\"Value\":\"g\",\"Description\":\"Sugars Quantity Per Serve - SuffixUnits - NIP\",\"SortOrder\":650},{\"Id\":912,\"Name\":\"Sugars Quantity Per Serve - Total - NIP\",\"Value\":\"1.80g\",\"Description\":\"Sugars Quantity Per Serve - Total - NIP\",\"SortOrder\":651},{\"Id\":572,\"Name\":\"Sugars Quantity Per Serve - ValueWord - NIP\",\"Value\":\"1.80\",\"Description\":\"Sugars Quantity Per Serve - ValueWord - NIP\",\"SortOrder\":652},{\"Id\":593,\"Name\":\"Trans Quantity Per 100g - Total - NIP\",\"Value\":\"<0.1g\",\"Description\":\"Trans Quantity Per 100g - Total - NIP\",\"SortOrder\":667},{\"Id\":510,\"Name\":\"Trans Quantity Per Serve - Total - NIP\",\"Value\":\"<0.1g\",\"Description\":\"Trans Quantity Per Serve - Total - NIP\",\"SortOrder\":671}]}","ovencook":"False","vegetarian":"False","hypo-allergenic":null,"timer":null,"dermatologistrecommended":null,"sapdepartmentno":"5","allergencontains":"Soy, Wheat, Milk, Gluten","waterresistant":null,"friendlydisclaimer":null,"recyclableinformation":null,"usageinstructions":null,"freezable":"False"},"DetailsImagePaths":["https://cdn0.woolworths.media/content/wowproductimages/large/183622.jpg"],"Variety":"Sausage Roll","Rating":{"ReviewCount":301,"RatingCount":301,"RatingSum":915,"OneStarCount":35,"TwoStarCount":62,"ThreeStarCount":100,"FourStarCount":64,"FiveStarCount":40,"Average":3.03986710963455,"OneStarPercentage":11.6279069767442,"TwoStarPercentage":20.5980066445183,"ThreeStarPercentage":33.2225913621262,"FourStarPercentage":21.2624584717608,"FiveStarPercentage":13.2890365448505},"HasProductSubs":false,"IsSponsoredAd":false,"AdID":null,"AdIndex":null,"IsMarketProduct":false,"IsGiftable":false,"Vendor":null,"Untraceable":false,"ThirdPartyProductInfo":null,"MarketFeatures":null,"MarketSpecifications":null,"SupplyLimitSource":"ProductLimit","Tags":null,"IsPersonalisedByPurchaseHistory":false,"IsFromFacetedSearch":false,"NextAvailabilityDate":null,"NumberOfSubstitutes":6,"IsPrimaryVariant":false,"VariantGroupId":0,"HasVariants":false,"VariantTitle":null,"IsTobacco":false}],"Name":"Woolworths Australian Beef Microwave Sausage Roll","DisplayName":"Woolworths Australian Beef Microwave Sausage Roll 175g"},{"Products":[{"TileID":0,"Stockcode":219967,"Barcode":"9310663407728","GtinFormat":13,"CupPrice":1.29,"InstoreCupPrice":1.83,"CupMeasure":"100G","CupString":"$1.29 / 100G","InstoreCupString":"$1.83 / 100G","HasCupPrice":true,"InstoreHasCupPrice":true,"Price":2.25,"InstorePrice":2.25,"Name":"Mrs Macs Microwave Giant Sausage Roll Frozen","DisplayName":"Mrs Macs Microwave Giant Sausage Roll Frozen 175g","UrlFriendlyName":"mrs-macs-microwave-giant-sausage-roll-frozen","Description":" Mrs Macs Microwave Giant<br>Sausage Roll Frozen 175g","SmallImageFile":"https://cdn0.woolworths.media/content/wowproductimages/small/219967.jpg","MediumImageFile":"https://cdn0.woolworths.media/content/wowproductimages/medium/219967.jpg","LargeImageFile":"https://cdn0.woolworths.media/content/wowproductimages/large/219967.jpg","IsNew":false,"IsHalfPrice":false,"IsOnlineOnly":false,"IsOnSpecial":true,"InstoreIsOnSpecial":true,"IsEdrSpecial":false,"SavingsAmount":0.95,"InstoreSavingsAmount":0.95,"WasPrice":3.2,"InstoreWasPrice":3.2,"QuantityInTrolley":0,"Unit":"Each","MinimumQuantity":1,"HasBeenBoughtBefore":false,"IsInTrolley":false,"Source":"Aisle.Freezer","SupplyLimit":25,"ProductLimit":50,"MaxSupplyLimitMessage":"25 item(s) left","IsRanged":true,"IsInStock":true,"PackageSize":"175g","IsPmDelivery":false,"IsForCollection":true,"IsForDelivery":true,"IsForExpress":true,"ProductRestrictionMessage":null,"ProductWarningMessage":null,"CentreTag":{"TagContent":null,"TagLink":null,"FallbackText":null,"TagType":"None","MultibuyData":null,"TagContentText":null,"DualImageTagContent":null,"PromotionType":"NOT_SET","IsRegisteredRewardCardPromotion":false},"IsCentreTag":false,"ImageTag":{"TagContent":"/content/promotiontags/roundel-special-200x200.png","TagLink":"","FallbackText":"On Special","TagType":"None","MultibuyData":null,"TagContentText":null,"DualImageTagContent":null,"PromotionType":"NOT_SET","IsRegisteredRewardCardPromotion":false},"HeaderTag":{"BackgroundColor":"#fd0","BorderColor":"#fd0","TextColor":"#000","Content":"Save $0.95","TagLink":null,"Promotion":"Special"},"HasHeaderTag":true,"UnitWeightInGrams":0,"SupplyLimitMessage":"'Mrs Macs Microwave Giant Sausage Roll Frozen' has a supply limit of 25. The quantity in your cart has been reduced accordingly. To purchase a larger quantity, please contact us on 1800 000 610. Please note we do not supply trade orders.","SmallFormatDescription":"Mrs Macs Microwave Giant Sausage Roll Frozen","FullDescription":"Mrs Macs Microwave Giant Sausage Roll Frozen","IsAvailable":true,"InstoreIsAvailable":true,"IsPurchasable":true,"InstoreIsPurchasable":true,"AgeRestricted":false,"DisplayQuantity":1,"RichDescription":null,"HideWasSavedPrice":false,"SapCategories":null,"Brand":"Mrs Macs","IsRestrictedByDeliveryMethod":false,"FooterTag":{"TagContent":null,"TagLink":null,"FallbackText":null,"TagType":"None","MultibuyData":null,"TagContentText":null,"DualImageTagContent":null,"PromotionType":"NOT_SET","IsRegisteredRewardCardPromotion":false},"IsFooterEnabled":false,"Diagnostics":"2","IsBundle":false,"IsInFamily":false,"ChildProducts":null,"UrlOverride":null,"AdditionalAttributes":{"boxedcontents":null,"addedvitaminsandminerals":"False","sapdepartmentname":"GROCERIES","spf":null,"haircolour":null,"lifestyleanddietarystatement":"High Protein","sapcategoryname":"FROZEN MEALS","skintype":null,"importantinformation":null,"allergystatement":"Fish Free","productdepthmm":null,"skincondition":null,"ophthalmologistapproved":null,"healthstarrating":null,"hairtype":null,"fragrance-free":null,"sapsegmentname":"SINGLE SERVE PASTRIES","suitablefor":null,"PiesProductDepartmentsjson":"[{\"Id\":\"1_ACA2FC2\",\"Description\":\"Freezer\"}]","piessubcategorynamesjson":"[\"Pies, Pastries & Quiches\"]","sapsegmentno":"12","productwidthmm":null,"contains":null,"sapsubcategoryname":"FREEZER - SNACKING","dermatologisttested":null,"wool_productpackaging":null,"dermatologicallyapproved":null,"specialsgroupid":null,"productimages":"219967.jpg,219967_2.jpg","productheightmm":null,"r&r_hidereviews":null,"microwavesafe":"False","paba-free":null,"lifestyleclaim":null,"alcoholfree":null,"tgawarning":null,"activeconstituents":null,"microwaveable":"False","soap-free":null,"countryoforigin":null,"isexcludedfromsubstitution":"False","productimagecount":"2","r&r_loggedinreviews":null,"anti-dandruff":null,"servingsize-total-nip":null,"tgahealthwarninglink":null,"allergenmaybepresent":"Egg","PiesProductDepartmentNodeId":"1_ACA2FC2","parabenfree":"False","vendorarticleid":null,"containsgluten":"False","containsnuts":"False","ingredients":"Wheat Flour, Water, Beef (21%), Margarine Vegetable Oil, Water, Salt, Emulsifier (Mono-and Di- Glycerides of Fatty Acids, Citric and Fatty Acid Esters of Glycerol), Antioxidant (Ascorbyl Palmitate), Natural Flavour, Breadcrumbs Wheat Flour, Yeast, Sugar, Salt, Wheat Gluten, Onion, Seasoning Wheat, Cereal Binder Wheat, Hydrolysed Vegetable Protein, Mineral Salt (Sodium Tripolyphosphate), Natural Flavours Wheat, Soy, Milk, Salt, Glaze Milk, Natural Colour (Carotene).","colour":null,"manufacturer":null,"sapcategoryno":"97","storageinstructions":"Frozen: store at or below -18C.","tgawarnings":null,"piesdepartmentnamesjson":"[\"Freezer\"]","brand":"mrs macs","oilfree":null,"fragrance":null,"antibacterial":"False","non-comedogenic":null,"antiseptic":"False","bpafree":"False","vendorcostprice":null,"description":"Seasoned filling made with 100% Aussie beef, wrapped in golden flaky pastry and crisped to perfection in the microwave.","sweatresistant":null,"sapsubcategoryno":"132","claims":null,"antioxidant":"False","phbalanced":null,"wool_dietaryclaim":"Source Of Protein, No Added Artificial Colour, No Added Artificial Flavour","ophthalmologisttested":null,"sulfatefree":"False","servingsperpack-total-nip":null,"piescategorynamesjson":"[\"Frozen Party Food\"]","nutritionalinformation":"{\"Name\":\"Nutritional Information\",\"Attributes\":[{\"Id\":705,\"Name\":\"Carbohydrate Quantity Per 100g - Total - NIP\",\"Value\":\"23.70g\",\"Description\":\"Carbohydrate Quantity Per 100g - Total - NIP\",\"SortOrder\":83},{\"Id\":706,\"Name\":\"Carbohydrate Quantity Per Serve - Total - NIP\",\"Value\":\"41.50g\",\"Description\":\"Carbohydrate Quantity Per Serve - Total - NIP\",\"SortOrder\":87},{\"Id\":191,\"Name\":\"Dietary Fibre Quantity Per 100g - Total - NIP\",\"Value\":\"1.00g\",\"Description\":\"Dietary Fibre Quantity Per 100g - Total - NIP\",\"SortOrder\":175},{\"Id\":120,\"Name\":\"Dietary Fibre Quantity Per Serve - Total - NIP\",\"Value\":\"1.80g\",\"Description\":\"Dietary Fibre Quantity Per Serve - Total - NIP\",\"SortOrder\":179},{\"Id\":759,\"Name\":\"Energy kJ Quantity Per 100g - Total - NIP\",\"Value\":\"1150.00kJ\",\"Description\":\"Energy kJ Quantity Per 100g - Total - NIP\",\"SortOrder\":239},{\"Id\":760,\"Name\":\"Energy kJ Quantity Per Serve - Total - NIP\",\"Value\":\"2010.00kJ\",\"Description\":\"Energy kJ Quantity Per Serve - Total - NIP\",\"SortOrder\":243},{\"Id\":253,\"Name\":\"Fat Saturated Quantity Per 100g - Total - NIP\",\"Value\":\"8.40g\",\"Description\":\"Fat Saturated Quantity Per 100g - Total - NIP\",\"SortOrder\":251},{\"Id\":258,\"Name\":\"Fat Saturated Quantity Per Serve - Total - NIP\",\"Value\":\"14.70g\",\"Description\":\"Fat Saturated Quantity Per Serve - Total - NIP\",\"SortOrder\":255},{\"Id\":764,\"Name\":\"Fat Total Quantity Per 100g - Total - NIP\",\"Value\":\"16.20g\",\"Description\":\"Fat Total Quantity Per 100g - Total - NIP\",\"SortOrder\":263},{\"Id\":166,\"Name\":\"Fat Total Quantity Per 100g - ValueWord - NIP\",\"Value\":\"16.20\",\"Description\":\"Fat Total Quantity Per 100g - ValueWord - NIP\",\"SortOrder\":264},{\"Id\":264,\"Name\":\"Fat Total Quantity Per Serve - Total - NIP\",\"Value\":\"28.40g\",\"Description\":\"Fat Total Quantity Per Serve - Total - NIP\",\"SortOrder\":267},{\"Id\":402,\"Name\":\"Monounsaturated Quantity Per 100g - Total - NIP\",\"Value\":null,\"Description\":\"Monounsaturated Quantity Per 100g - Total - NIP\",\"SortOrder\":479},{\"Id\":434,\"Name\":\"Polyunsaturated Quantity Per 100g - Total - NIP\",\"Value\":null,\"Description\":\"Polyunsaturated Quantity Per 100g - Total - NIP\",\"SortOrder\":563},{\"Id\":878,\"Name\":\"Protein Quantity Per 100g - Total - NIP\",\"Value\":\"11.30g\",\"Description\":\"Protein Quantity Per 100g - Total - NIP\",\"SortOrder\":587},{\"Id\":882,\"Name\":\"Protein Quantity Per Serve - Total - NIP\",\"Value\":\"19.80g\",\"Description\":\"Protein Quantity Per Serve - Total - NIP\",\"SortOrder\":591},{\"Id\":491,\"Name\":\"Sodium Quantity Per 100g - Total - NIP\",\"Value\":\"683.00mg\",\"Description\":\"Sodium Quantity Per 100g - Total - NIP\",\"SortOrder\":623},{\"Id\":495,\"Name\":\"Sodium Quantity Per Serve - Total - NIP\",\"Value\":\"1200.00mg\",\"Description\":\"Sodium Quantity Per Serve - Total - NIP\",\"SortOrder\":627},{\"Id\":908,\"Name\":\"Sugars Quantity Per 100g - SuffixUnits - NIP\",\"Value\":\"g\",\"Description\":\"Sugars Quantity Per 100g - SuffixUnits - NIP\",\"SortOrder\":646},{\"Id\":909,\"Name\":\"Sugars Quantity Per 100g - Total - NIP\",\"Value\":\"0.60g\",\"Description\":\"Sugars Quantity Per 100g - Total - NIP\",\"SortOrder\":647},{\"Id\":910,\"Name\":\"Sugars Quantity Per 100g - ValueWord - NIP\",\"Value\":\"0.60\",\"Description\":\"Sugars Quantity Per 100g - ValueWord - NIP\",\"SortOrder\":648},{\"Id\":911,\"Name\":\"Sugars Quantity Per Serve - SuffixUnits - NIP\",\"Value\":\"g\",\"Description\":\"Sugars Quantity Per Serve - SuffixUnits - NIP\",\"SortOrder\":650},{\"Id\":912,\"Name\":\"Sugars Quantity Per Serve - Total - NIP\",\"Value\":\"1.00g\",\"Description\":\"Sugars Quantity Per Serve - Total - NIP\",\"SortOrder\":651},{\"Id\":572,\"Name\":\"Sugars Quantity Per Serve - ValueWord - NIP\",\"Value\":\"1.00\",\"Description\":\"Sugars Quantity Per Serve - ValueWord - NIP\",\"SortOrder\":652},{\"Id\":593,\"Name\":\"Trans Quantity Per 100g - Total - NIP\",\"Value\":null,\"Description\":\"Trans Quantity Per 100g - Total - NIP\",\"SortOrder\":667}]}","ovencook":"False","vegetarian":"False","hypo-allergenic":null,"timer":null,"dermatologistrecommended":null,"sapdepartmentno":"5","allergencontains":"Milk, Wheat, Gluten, Soy","waterresistant":null,"friendlydisclaimer":null,"recyclableinformation":null,"usageinstructions":null,"freezable":"False"},"DetailsImagePaths":["https://cdn0.woolworths.media/content/wowproductimages/large/219967.jpg"],"Variety":"Roll Frozen","Rating":{"ReviewCount":1,"RatingCount":1,"RatingSum":4,"OneStarCount":0,"TwoStarCount":0,"ThreeStarCount":0,"FourStarCount":1,"FiveStarCount":0,"Average":4,"OneStarPercentage":0,"TwoStarPercentage":0,"ThreeStarPercentage":0,"FourStarPercentage":100,"FiveStarPercentage":0},"HasProductSubs":false,"IsSponsoredAd":false,"AdID":null,"AdIndex":null,"IsMarketProduct":false,"IsGiftable":false,"Vendor":null,"Untraceable":false,"ThirdPartyProductInfo":null,"MarketFeatures":null,"MarketSpecifications":null,"SupplyLimitSource":"StockQuantity","Tags":[{"Content":{"Type":"Label","Position":"Top","Attributes":{"Text":"Save $0.95","Promotion":"Special","BackgroundColor":"#fd0","BorderColor":"#fd0","TextColor":"#000"}},"TemplateId":null,"Metadata":null},{"Content":{"Type":"Roundel","Position":"Top","Attributes":{"ImagePath":"/content/promotiontags/roundel-special-200x200.png","FallbackText":"On Special"}},"TemplateId":null,"Metadata":null}],"IsPersonalisedByPurchaseHistory":false,"IsFromFacetedSearch":false,"NextAvailabilityDate":null,"NumberOfSubstitutes":0,"IsPrimaryVariant":false,"VariantGroupId":0,"HasVariants":false,"VariantTitle":null,"IsTobacco":false}],"Name":"Mrs Macs Microwave Giant Sausage Roll Frozen","DisplayName":"Mrs Macs Microwave Giant Sausage Roll Frozen 175g"},{"Products":[{"TileID":0,"Stockcode":221025,"Barcode":"9310663407704","GtinFormat":13,"CupPrice":1.29,"InstoreCupPrice":1.83,"CupMeasure":"100G","CupString":"$1.29 / 100G","InstoreCupString":"$1.83 / 100G","HasCupPrice":true,"InstoreHasCupPrice":true,"Price":2.25,"InstorePrice":2.25,"Name":"Mrs Macs Microwave Beef Pie Frozen","DisplayName":"Mrs Macs Microwave Beef Pie Frozen 175g","UrlFriendlyName":"mrs-macs-microwave-beef-pie-frozen","Description":" Mrs Macs Microwave Beef Pie<br>Frozen 175g","SmallImageFile":"https://cdn0.woolworths.media/content/wowproductimages/small/221025.jpg","MediumImageFile":"https://cdn0.woolworths.media/content/wowproductimages/medium/221025.jpg","LargeImageFile":"https://cdn0.woolworths.media/content/wowproductimages/large/221025.jpg","IsNew":false,"IsHalfPrice":false,"IsOnlineOnly":false,"IsOnSpecial":true,"InstoreIsOnSpecial":true,"IsEdrSpecial":false,"SavingsAmount":0.95,"InstoreSavingsAmount":0.95,"WasPrice":3.2,"InstoreWasPrice":3.2,"QuantityInTrolley":0,"Unit":"Each","MinimumQuantity":1,"HasBeenBoughtBefore":false,"IsInTrolley":false,"Source":"Aisle.Freezer","SupplyLimit":15,"ProductLimit":50,"MaxSupplyLimitMessage":"15 item(s) left","IsRanged":true,"IsInStock":true,"PackageSize":"175g","IsPmDelivery":false,"IsForCollection":true,"IsForDelivery":true,"IsForExpress":true,"ProductRestrictionMessage":null,"ProductWarningMessage":null,"CentreTag":{"TagContent":null,"TagLink":null,"FallbackText":null,"TagType":"None","MultibuyData":null,"TagContentText":null,"DualImageTagContent":null,"PromotionType":"NOT_SET","IsRegisteredRewardCardPromotion":false},"IsCentreTag":false,"ImageTag":{"TagContent":"/content/promotiontags/roundel-special-200x200.png","TagLink":"","FallbackText":"On Special","TagType":"None","MultibuyData":null,"TagContentText":null,"DualImageTagContent":null,"PromotionType":"NOT_SET","IsRegisteredRewardCardPromotion":false},"HeaderTag":{"BackgroundColor":"#fd0","BorderColor":"#fd0","TextColor":"#000","Content":"Save $0.95","TagLink":null,"Promotion":"Special"},"HasHeaderTag":true,"UnitWeightInGrams":0,"SupplyLimitMessage":"'Mrs Macs Microwave Beef Pie Frozen' has a supply limit of 15. The quantity in your cart has been reduced accordingly. To purchase a larger quantity, please contact us on 1800 000 610. Please note we do not supply trade orders.","SmallFormatDescription":"Mrs Macs Microwave Beef Pie Frozen","FullDescription":"Mrs Macs Microwave Beef Pie Frozen","IsAvailable":true,"InstoreIsAvailable":true,"IsPurchasable":true,"InstoreIsPurchasable":true,"AgeRestricted":false,"DisplayQuantity":1,"RichDescription":null,"HideWasSavedPrice":false,"SapCategories":null,"Brand":"Mrs Macs","IsRestrictedByDeliveryMethod":false,"FooterTag":{"TagContent":null,"TagLink":null,"FallbackText":null,"TagType":"None","MultibuyData":null,"TagContentText":null,"DualImageTagContent":null,"PromotionType":"NOT_SET","IsRegisteredRewardCardPromotion":false},"IsFooterEnabled":false,"Diagnostics":"3","IsBundle":false,"IsInFamily":false,"ChildProducts":null,"UrlOverride":null,"AdditionalAttributes":{"boxedcontents":null,"addedvitaminsandminerals":"False","sapdepartmentname":"GROCERIES","spf":null,"haircolour":null,"lifestyleanddietarystatement":"High Protein","sapcategoryname":"FROZEN MEALS","skintype":null,"importantinformation":null,"allergystatement":"No Artificial Colours or Flavours","productdepthmm":null,"skincondition":null,"ophthalmologistapproved":null,"healthstarrating":null,"hairtype":null,"fragrance-free":null,"sapsegmentname":"SINGLE SERVE PASTRIES","suitablefor":null,"PiesProductDepartmentsjson":"[{\"Id\":\"1_ACA2FC2\",\"Description\":\"Freezer\"}]","piessubcategorynamesjson":"[\"Pies, Pastries & Quiches\"]","sapsegmentno":"12","productwidthmm":null,"contains":null,"sapsubcategoryname":"FREEZER - SNACKING","dermatologisttested":null,"wool_productpackaging":null,"dermatologicallyapproved":null,"specialsgroupid":null,"productimages":"221025.jpg,221025_2.jpg","productheightmm":null,"r&r_hidereviews":null,"microwavesafe":"False","paba-free":null,"lifestyleclaim":null,"alcoholfree":null,"tgawarning":null,"activeconstituents":null,"microwaveable":"False","soap-free":null,"countryoforigin":null,"isexcludedfromsubstitution":"False","productimagecount":"2","r&r_loggedinreviews":null,"anti-dandruff":null,"servingsize-total-nip":null,"tgahealthwarninglink":null,"allergenmaybepresent":"Egg, Soy","PiesProductDepartmentNodeId":"1_ACA2FC2","parabenfree":"False","vendorarticleid":null,"containsgluten":"False","containsnuts":"False","ingredients":"Wheat Flour, Beef (Minimum 25%), Water, Margarine Vegetable Oil, Water, Salt, Emulsifiers (Mono- and Di-Glycerides of Fatty Acids, Citric and Fatty Acid Esters of Glycerol), Antioxidant (Ascorbyl Palmitate), Natural Flavours, Natural Colour (Carotene), Thickener (Acetylated Distarch Adipate), Onion, Seasoning (Wheat), Worcestershire Sauce, Salt, Yeast Extract, Barley Extract, Glaze Milk, Natural Colour (Carotene).","colour":null,"manufacturer":null,"sapcategoryno":"97","storageinstructions":"Frozen: store at or below -18C.","tgawarnings":null,"piesdepartmentnamesjson":"[\"Freezer\"]","brand":"mrs macs","oilfree":null,"fragrance":null,"antibacterial":"False","non-comedogenic":null,"antiseptic":"False","bpafree":"False","vendorcostprice":null,"description":"Mrs Mac's Microwave Beef Pie is a 100% Aussie minced beef cooked in delicious gravy wrapped in golden flaky pastry and crisped to perfection in the microwave.","sweatresistant":null,"sapsubcategoryno":"132","claims":null,"antioxidant":"False","phbalanced":null,"wool_dietaryclaim":"No Added Artificial Colour, No Added Artificial Flavour","ophthalmologisttested":null,"sulfatefree":"False","servingsperpack-total-nip":null,"piescategorynamesjson":"[\"Frozen Party Food\"]","nutritionalinformation":"{\"Name\":\"Nutritional Information\",\"Attributes\":[{\"Id\":705,\"Name\":\"Carbohydrate Quantity Per 100g - Total - NIP\",\"Value\":\"25.80g\",\"Description\":\"Carbohydrate Quantity Per 100g - Total - NIP\",\"SortOrder\":83},{\"Id\":706,\"Name\":\"Carbohydrate Quantity Per Serve - Total - NIP\",\"Value\":\"45.20g\",\"Description\":\"Carbohydrate Quantity Per Serve - Total - NIP\",\"SortOrder\":87},{\"Id\":191,\"Name\":\"Dietary Fibre Quantity Per 100g - Total - NIP\",\"Value\":\"1.00g\",\"Description\":\"Dietary Fibre Quantity Per 100g - Total - NIP\",\"SortOrder\":175},{\"Id\":120,\"Name\":\"Dietary Fibre Quantity Per Serve - Total - NIP\",\"Value\":\"1.80g\",\"Description\":\"Dietary Fibre Quantity Per Serve - Total - NIP\",\"SortOrder\":179},{\"Id\":759,\"Name\":\"Energy kJ Quantity Per 100g - Total - NIP\",\"Value\":\"1140.00kJ\",\"Description\":\"Energy kJ Quantity Per 100g - Total - NIP\",\"SortOrder\":239},{\"Id\":760,\"Name\":\"Energy kJ Quantity Per Serve - Total - NIP\",\"Value\":\"2000.00kJ\",\"Description\":\"Energy kJ Quantity Per Serve - Total - NIP\",\"SortOrder\":243},{\"Id\":253,\"Name\":\"Fat Saturated Quantity Per 100g - Total - NIP\",\"Value\":\"7.00g\",\"Description\":\"Fat Saturated Quantity Per 100g - Total - NIP\",\"SortOrder\":251},{\"Id\":258,\"Name\":\"Fat Saturated Quantity Per Serve - Total - NIP\",\"Value\":\"12.20g\",\"Description\":\"Fat Saturated Quantity Per Serve - Total - NIP\",\"SortOrder\":255},{\"Id\":764,\"Name\":\"Fat Total Quantity Per 100g - Total - NIP\",\"Value\":\"14.50g\",\"Description\":\"Fat Total Quantity Per 100g - Total - NIP\",\"SortOrder\":263},{\"Id\":166,\"Name\":\"Fat Total Quantity Per 100g - ValueWord - NIP\",\"Value\":\"14.50\",\"Description\":\"Fat Total Quantity Per 100g - ValueWord - NIP\",\"SortOrder\":264},{\"Id\":264,\"Name\":\"Fat Total Quantity Per Serve - Total - NIP\",\"Value\":\"25.40g\",\"Description\":\"Fat Total Quantity Per Serve - Total - NIP\",\"SortOrder\":267},{\"Id\":402,\"Name\":\"Monounsaturated Quantity Per 100g - Total - NIP\",\"Value\":null,\"Description\":\"Monounsaturated Quantity Per 100g - Total - NIP\",\"SortOrder\":479},{\"Id\":434,\"Name\":\"Polyunsaturated Quantity Per 100g - Total - NIP\",\"Value\":null,\"Description\":\"Polyunsaturated Quantity Per 100g - Total - NIP\",\"SortOrder\":563},{\"Id\":878,\"Name\":\"Protein Quantity Per 100g - Total - NIP\",\"Value\":\"9.30g\",\"Description\":\"Protein Quantity Per 100g - Total - NIP\",\"SortOrder\":587},{\"Id\":882,\"Name\":\"Protein Quantity Per Serve - Total - NIP\",\"Value\":\"16.30g\",\"Description\":\"Protein Quantity Per Serve - Total - NIP\",\"SortOrder\":591},{\"Id\":477,\"Name\":\"Serving Size - Total - NIP\",\"Value\":\"175g\",\"Description\":\"Serving Size - Total - NIP\",\"SortOrder\":607},{\"Id\":544,\"Name\":\"Servings Per Pack - Total - NIP\",\"Value\":\"1\",\"Description\":\"Servings Per Pack - Total - NIP\",\"SortOrder\":611},{\"Id\":491,\"Name\":\"Sodium Quantity Per 100g - Total - NIP\",\"Value\":\"470.00mg\",\"Description\":\"Sodium Quantity Per 100g - Total - NIP\",\"SortOrder\":623},{\"Id\":495,\"Name\":\"Sodium Quantity Per Serve - Total - NIP\",\"Value\":\"822.00mg\",\"Description\":\"Sodium Quantity Per Serve - Total - NIP\",\"SortOrder\":627},{\"Id\":908,\"Name\":\"Sugars Quantity Per 100g - SuffixUnits - NIP\",\"Value\":\"g\",\"Description\":\"Sugars Quantity Per 100g - SuffixUnits - NIP\",\"SortOrder\":646},{\"Id\":909,\"Name\":\"Sugars Quantity Per 100g - Total - NIP\",\"Value\":\"0.50g\",\"Description\":\"Sugars Quantity Per 100g - Total - NIP\",\"SortOrder\":647},{\"Id\":910,\"Name\":\"Sugars Quantity Per 100g - ValueWord - NIP\",\"Value\":\"0.50\",\"Description\":\"Sugars Quantity Per 100g - ValueWord - NIP\",\"SortOrder\":648},{\"Id\":911,\"Name\":\"Sugars Quantity Per Serve - SuffixUnits - NIP\",\"Value\":\"g\",\"Description\":\"Sugars Quantity Per Serve - SuffixUnits - NIP\",\"SortOrder\":650},{\"Id\":912,\"Name\":\"Sugars Quantity Per Serve - Total - NIP\",\"Value\":\"0.90g\",\"Description\":\"Sugars Quantity Per Serve - Total - NIP\",\"SortOrder\":651},{\"Id\":572,\"Name\":\"Sugars Quantity Per Serve - ValueWord - NIP\",\"Value\":\"0.90\",\"Description\":\"Sugars Quantity Per Serve - ValueWord - NIP\",\"SortOrder\":652},{\"Id\":593,\"Name\":\"Trans Quantity Per 100g - Total - NIP\",\"Value\":null,\"Description\":\"Trans Quantity Per 100g - Total - NIP\",\"SortOrder\":667}]}","ovencook":"False","vegetarian":"False","hypo-allergenic":null,"timer":null,"dermatologistrecommended":null,"sapdepartmentno":"5","allergencontains":"Gluten, Milk, Wheat","waterresistant":null,"friendlydisclaimer":null,"recyclableinformation":null,"usageinstructions":null,"freezable":"False"},"DetailsImagePaths":["https://cdn0.woolworths.media/content/wowproductimages/large/221025.jpg"],"Variety":"Frozen","Rating":{"ReviewCount":0,"RatingCount":0,"RatingSum":0,"OneStarCount":0,"TwoStarCount":0,"ThreeStarCount":0,"FourStarCount":0,"FiveStarCount":0,"Average":0,"OneStarPercentage":0,"TwoStarPercentage":0,"ThreeStarPercentage":0,"FourStarPercentage":0,"FiveStarPercentage":0},"HasProductSubs":false,"IsSponsoredAd":false,"AdID":null,"AdIndex":null,"IsMarketProduct":false,"IsGiftable":false,"Vendor":null,"Untraceable":false,"ThirdPartyProductInfo":null,"MarketFeatures":null,"MarketSpecifications":null,"SupplyLimitSource":"StockQuantity","Tags":[{"Content":{"Type":"Label","Position":"Top","Attributes":{"Text":"Save $0.95","Promotion":"Special","BackgroundColor":"#fd0","BorderColor":"#fd0","TextColor":"#000"}},"TemplateId":null,"Metadata":null},{"Content":{"Type":"Roundel","Position":"Top","Attributes":{"ImagePath":"/content/promotiontags/roundel-special-200x200.png","FallbackText":"On Special"}},"TemplateId":null,"Metadata":null}],"IsPersonalisedByPurchaseHistory":false,"IsFromFacetedSearch":false,"NextAvailabilityDate":null,"NumberOfSubstitutes":0,"IsPrimaryVariant":false,"VariantGroupId":0,"HasVariants":false,"VariantTitle":null,"IsTobacco":false}],"Name":"Mrs Macs Microwave Beef Pie Frozen","DisplayName":"Mrs Macs Microwave Beef Pie Frozen 175g"},{"Products":[{"TileID":0,"Stockcode":754170,"Barcode":"9300633415266","GtinFormat":13,"CupPrice":null,"InstoreCupPrice":null,"CupMeasure":"1KG","CupString":"","InstoreCupString":"","HasCupPrice":false,"InstoreHasCupPrice":false,"Price":null,"InstorePrice":null,"Name":"Woolworths Peas","DisplayName":"Woolworths Peas 500g","UrlFriendlyName":"woolworths-peas","Description":" Woolworths Peas  500G","SmallImageFile":"https://cdn0.woolworths.media/content/wowproductimages/small/754170.jpg","MediumImageFile":"https://cdn0.woolworths.media/content/wowproductimages/medium/754170.jpg","LargeImageFile":"https://cdn0.woolworths.media/content/wowproductimages/large/754170.jpg","IsNew":false,"IsHalfPrice":false,"IsOnlineOnly":false,"IsOnSpecial":false,"InstoreIsOnSpecial":false,"IsEdrSpecial":false,"SavingsAmount":null,"InstoreSavingsAmount":null,"WasPrice":2.5,"InstoreWasPrice":2.5,"QuantityInTrolley":0,"Unit":"Each","MinimumQuantity":1,"HasBeenBoughtBefore":false,"IsInTrolley":false,"Source":"Aisle.Freezer","SupplyLimit":50,"ProductLimit":50,"MaxSupplyLimitMessage":"50 item limit","IsRanged":true,"IsInStock":false,"PackageSize":"500G","IsPmDelivery":true,"IsForCollection":true,"IsForDelivery":true,"IsForExpress":true,"ProductRestrictionMessage":null,"ProductWarningMessage":null,"CentreTag":{"TagContent":null,"TagLink":null,"FallbackText":null,"TagType":"None","MultibuyData":null,"TagContentText":null,"DualImageTagContent":null,"PromotionType":"NOT_SET","IsRegisteredRewardCardPromotion":false},"IsCentreTag":false,"ImageTag":{"TagContent":null,"TagLink":null,"FallbackText":null,"TagType":"None","MultibuyData":null,"TagContentText":null,"DualImageTagContent":null,"PromotionType":"NOT_SET","IsRegisteredRewardCardPromotion":false},"HeaderTag":null,"HasHeaderTag":false,"UnitWeightInGrams":0,"SupplyLimitMessage":"'Woolworths Peas' has a supply limit of 50. The quantity in your cart has been reduced accordingly. To purchase a larger quantity, please contact us on 1800 000 610. Please note we do not supply trade orders.","SmallFormatDescription":"Woolworths Peas ","FullDescription":"Woolworths Peas ","IsAvailable":false,"InstoreIsAvailable":false,"IsPurchasable":false,"InstoreIsPurchasable":false,"AgeRestricted":false,"DisplayQuantity":1,"RichDescription":null,"HideWasSavedPrice":true,"SapCategories":null,"Brand":"Woolworths","IsRestrictedByDeliveryMethod":false,"FooterTag":{"TagContent":null,"TagLink":null,"FallbackText":null,"TagType":"None","MultibuyData":null,"TagContentText":null,"DualImageTagContent":null,"PromotionType":"NOT_SET","IsRegisteredRewardCardPromotion":false},"IsFooterEnabled":true,"Diagnostics":"4","IsBundle":false,"IsInFamily":false,"ChildProducts":null,"UrlOverride":null,"AdditionalAttributes":{"boxedcontents":null,"addedvitaminsandminerals":"False","sapdepartmentname":"GROCERIES","spf":null,"haircolour":null,"lifestyleanddietarystatement":"Gluten Free","sapcategoryname":"FROZEN MEALS","skintype":null,"importantinformation":null,"allergystatement":"Gluten Free","productdepthmm":null,"skincondition":null,"ophthalmologistapproved":null,"healthstarrating":"5","hairtype":null,"fragrance-free":null,"sapsegmentname":"PEAS","suitablefor":null,"PiesProductDepartmentsjson":"[{\"Id\":\"1_ACA2FC2\",\"Description\":\"Freezer\"}]","piessubcategorynamesjson":"[\"Beans & Peas\",\"Gluten Free\"]","sapsegmentno":"14","productwidthmm":null,"contains":null,"sapsubcategoryname":"FREEZER - VEGETABLES","dermatologisttested":null,"wool_productpackaging":null,"dermatologicallyapproved":null,"specialsgroupid":null,"productimages":"754170.jpg,754170_2.jpg","productheightmm":null,"r&r_hidereviews":null,"microwavesafe":"False","paba-free":null,"lifestyleclaim":null,"alcoholfree":null,"tgawarning":null,"activeconstituents":null,"microwaveable":"False","soap-free":null,"countryoforigin":null,"isexcludedfromsubstitution":"False","productimagecount":"2","r&r_loggedinreviews":null,"anti-dandruff":null,"servingsize-total-nip":null,"tgahealthwarninglink":null,"allergenmaybepresent":null,"PiesProductDepartmentNodeId":"1_ACA2FC2","parabenfree":"False","vendorarticleid":null,"containsgluten":"False","containsnuts":"False","ingredients":"Peas (100%).","colour":null,"manufacturer":null,"sapcategoryno":"97","storageinstructions":"Keep Frozen at or below -18°C.","tgawarnings":null,"piesdepartmentnamesjson":"[\"Freezer\"]","brand":"woolworths","oilfree":null,"fragrance":null,"antibacterial":"False","non-comedogenic":null,"antiseptic":"False","bpafree":"False","vendorcostprice":null,"description":"<p>The Woolworths Select range of frozen vegetables are snap frozen to lock in the freshness and flavour, providing a convenient and nutritious way to enjoy vegetables.</p>","sweatresistant":null,"sapsubcategoryno":"103","claims":null,"antioxidant":"False","phbalanced":null,"wool_dietaryclaim":null,"ophthalmologisttested":null,"sulfatefree":"False","servingsperpack-total-nip":null,"piescategorynamesjson":"[\"Frozen Vegetables\",\"Frozen Gluten Free\"]","nutritionalinformation":"{\"Name\":\"Nutritional Information\",\"Attributes\":[{\"Id\":702,\"Name\":\"Calcium Quantity Per 100g - Total - NIP\",\"Value\":\"30mg\",\"Description\":\"Calcium Quantity Per 100g - Total - NIP\",\"SortOrder\":71},{\"Id\":47,\"Name\":\"Calcium Quantity Per Serve - Total - NIP\",\"Value\":\"22.5mg\",\"Description\":\"Calcium Quantity Per Serve - Total - NIP\",\"SortOrder\":75},{\"Id\":705,\"Name\":\"Carbohydrate Quantity Per 100g - Total - NIP\",\"Value\":\"6.4g\",\"Description\":\"Carbohydrate Quantity Per 100g - Total - NIP\",\"SortOrder\":83},{\"Id\":706,\"Name\":\"Carbohydrate Quantity Per Serve - Total - NIP\",\"Value\":\"4.8g\",\"Description\":\"Carbohydrate Quantity Per Serve - Total - NIP\",\"SortOrder\":87},{\"Id\":191,\"Name\":\"Dietary Fibre Quantity Per 100g - Total - NIP\",\"Value\":\"6.6g\",\"Description\":\"Dietary Fibre Quantity Per 100g - Total - NIP\",\"SortOrder\":175},{\"Id\":120,\"Name\":\"Dietary Fibre Quantity Per Serve - Total - NIP\",\"Value\":\"5.0g\",\"Description\":\"Dietary Fibre Quantity Per Serve - Total - NIP\",\"SortOrder\":179},{\"Id\":759,\"Name\":\"Energy kJ Quantity Per 100g - Total - NIP\",\"Value\":\"261kJ\",\"Description\":\"Energy kJ Quantity Per 100g - Total - NIP\",\"SortOrder\":239},{\"Id\":760,\"Name\":\"Energy kJ Quantity Per Serve - Total - NIP\",\"Value\":\"196kJ\",\"Description\":\"Energy kJ Quantity Per Serve - Total - NIP\",\"SortOrder\":243},{\"Id\":253,\"Name\":\"Fat Saturated Quantity Per 100g - Total - NIP\",\"Value\":\"<1.0g\",\"Description\":\"Fat Saturated Quantity Per 100g - Total - NIP\",\"SortOrder\":251},{\"Id\":258,\"Name\":\"Fat Saturated Quantity Per Serve - Total - NIP\",\"Value\":\"<1.0g\",\"Description\":\"Fat Saturated Quantity Per Serve - Total - NIP\",\"SortOrder\":255},{\"Id\":764,\"Name\":\"Fat Total Quantity Per 100g - Total - NIP\",\"Value\":\"<1.0g\",\"Description\":\"Fat Total Quantity Per 100g - Total - NIP\",\"SortOrder\":263},{\"Id\":166,\"Name\":\"Fat Total Quantity Per 100g - ValueWord - NIP\",\"Value\":\"1.0\",\"Description\":\"Fat Total Quantity Per 100g - ValueWord - NIP\",\"SortOrder\":264},{\"Id\":264,\"Name\":\"Fat Total Quantity Per Serve - Total - NIP\",\"Value\":\"<1.0g\",\"Description\":\"Fat Total Quantity Per Serve - Total - NIP\",\"SortOrder\":267},{\"Id\":443,\"Name\":\"Potassium Quantity Per 100g - Total - NIP\",\"Value\":\"268mg\",\"Description\":\"Potassium Quantity Per 100g - Total - NIP\",\"SortOrder\":575},{\"Id\":493,\"Name\":\"Potassium Quantity Per Serve - Total - NIP\",\"Value\":\"201mg\",\"Description\":\"Potassium Quantity Per Serve - Total - NIP\",\"SortOrder\":579},{\"Id\":878,\"Name\":\"Protein Quantity Per 100g - Total - NIP\",\"Value\":\"5.2g\",\"Description\":\"Protein Quantity Per 100g - Total - NIP\",\"SortOrder\":587},{\"Id\":882,\"Name\":\"Protein Quantity Per Serve - Total - NIP\",\"Value\":\"3.9g\",\"Description\":\"Protein Quantity Per Serve - Total - NIP\",\"SortOrder\":591},{\"Id\":477,\"Name\":\"Serving Size - Total - NIP\",\"Value\":\"75g\",\"Description\":\"Serving Size - Total - NIP\",\"SortOrder\":607},{\"Id\":544,\"Name\":\"Servings Per Pack - Total - NIP\",\"Value\":\"6\",\"Description\":\"Servings Per Pack - Total - NIP\",\"SortOrder\":611},{\"Id\":491,\"Name\":\"Sodium Quantity Per 100g - Total - NIP\",\"Value\":\"11mg\",\"Description\":\"Sodium Quantity Per 100g - Total - NIP\",\"SortOrder\":623},{\"Id\":495,\"Name\":\"Sodium Quantity Per Serve - Total - NIP\",\"Value\":\"<5mg\",\"Description\":\"Sodium Quantity Per Serve - Total - NIP\",\"SortOrder\":627},{\"Id\":907,\"Name\":\"Sugars Quantity Per 100g - Prefix - NIP\",\"Value\":null,\"Description\":\"Sugars Quantity Per 100g - Prefix - NIP\",\"SortOrder\":645},{\"Id\":908,\"Name\":\"Sugars Quantity Per 100g - SuffixUnits - NIP\",\"Value\":\"g\",\"Description\":\"Sugars Quantity Per 100g - SuffixUnits - NIP\",\"SortOrder\":646},{\"Id\":909,\"Name\":\"Sugars Quantity Per 100g - Total - NIP\",\"Value\":\"2.5g\",\"Description\":\"Sugars Quantity Per 100g - Total - NIP\",\"SortOrder\":647},{\"Id\":910,\"Name\":\"Sugars Quantity Per 100g - ValueWord - NIP\",\"Value\":\"2.5\",\"Description\":\"Sugars Quantity Per 100g - ValueWord - NIP\",\"SortOrder\":648},{\"Id\":504,\"Name\":\"Sugars Quantity Per Serve - Prefix - NIP\",\"Value\":null,\"Description\":\"Sugars Quantity Per Serve - Prefix - NIP\",\"SortOrder\":649},{\"Id\":911,\"Name\":\"Sugars Quantity Per Serve - SuffixUnits - NIP\",\"Value\":\"g\",\"Description\":\"Sugars Quantity Per Serve - SuffixUnits - NIP\",\"SortOrder\":650},{\"Id\":912,\"Name\":\"Sugars Quantity Per Serve - Total - NIP\",\"Value\":\"1.9g\",\"Description\":\"Sugars Quantity Per Serve - Total - NIP\",\"SortOrder\":651},{\"Id\":572,\"Name\":\"Sugars Quantity Per Serve - ValueWord - NIP\",\"Value\":\"1.9\",\"Description\":\"Sugars Quantity Per Serve - ValueWord - NIP\",\"SortOrder\":652}]}","ovencook":"False","vegetarian":"False","hypo-allergenic":null,"timer":null,"dermatologistrecommended":null,"sapdepartmentno":"5","allergencontains":null,"waterresistant":null,"friendlydisclaimer":null,"recyclableinformation":null,"usageinstructions":null,"freezable":"False"},"DetailsImagePaths":["https://cdn0.woolworths.media/content/wowproductimages/large/754170.jpg"],"Variety":null,"Rating":{"ReviewCount":526,"RatingCount":526,"RatingSum":2496,"OneStarCount":2,"TwoStarCount":5,"ThreeStarCount":10,"FourStarCount":91,"FiveStarCount":418,"Average":4.74524714828897,"OneStarPercentage":0.380228136882129,"TwoStarPercentage":0.950570342205323,"ThreeStarPercentage":1.90114068441065,"FourStarPercentage":17.3003802281369,"FiveStarPercentage":79.467680608365},"HasProductSubs":false,"IsSponsoredAd":false,"AdID":null,"AdIndex":null,"IsMarketProduct":false,"IsGiftable":false,"Vendor":null,"Untraceable":false,"ThirdPartyProductInfo":null,"MarketFeatures":null,"MarketSpecifications":null,"SupplyLimitSource":"ProductLimit","Tags":null,"IsPersonalisedByPurchaseHistory":false,"IsFromFacetedSearch":false,"NextAvailabilityDate":null,"NumberOfSubstitutes":5,"IsPrimaryVariant":false,"VariantGroupId":0,"HasVariants":false,"VariantTitle":null,"IsTobacco":false}],"Name":"Woolworths Peas","DisplayName":"Woolworths Peas 500g"},{"Products":[{"TileID":0,"Stockcode":658326,"Barcode":"9340746000829","GtinFormat":13,"CupPrice":12.5,"InstoreCupPrice":12.5,"CupMeasure":"1KG","CupString":"$12.50 / 1KG","InstoreCupString":"$12.50 / 1KG","HasCupPrice":true,"InstoreHasCupPrice":true,"Price":2.5,"InstorePrice":2.5,"Name":"Umami Edamame Salad","DisplayName":"Umami Edamame Salad 200g","UrlFriendlyName":"umami-edamame-salad","Description":" Umami Edamame Salad 200G","SmallImageFile":"https://cdn0.woolworths.media/content/wowproductimages/small/658326.jpg","MediumImageFile":"https://cdn0.woolworths.media/content/wowproductimages/medium/658326.jpg","LargeImageFile":"https://cdn0.woolworths.media/content/wowproductimages/large/658326.jpg","IsNew":false,"IsHalfPrice":false,"IsOnlineOnly":false,"IsOnSpecial":false,"InstoreIsOnSpecial":false,"IsEdrSpecial":false,"SavingsAmount":0.0,"InstoreSavingsAmount":0.0,"WasPrice":2.5,"InstoreWasPrice":2.5,"QuantityInTrolley":0,"Unit":"Each","MinimumQuantity":1,"HasBeenBoughtBefore":false,"IsInTrolley":false,"Source":"Aisle.Freezer","SupplyLimit":10,"ProductLimit":50,"MaxSupplyLimitMessage":"10 item(s) left","IsRanged":true,"IsInStock":true,"PackageSize":"200G","IsPmDelivery":true,"IsForCollection":true,"IsForDelivery":true,"IsForExpress":true,"ProductRestrictionMessage":null,"ProductWarningMessage":null,"CentreTag":{"TagContent":null,"TagLink":null,"FallbackText":null,"TagType":"None","MultibuyData":null,"TagContentText":null,"DualImageTagContent":null,"PromotionType":"NOT_SET","IsRegisteredRewardCardPromotion":false},"IsCentreTag":false,"ImageTag":{"TagContent":null,"TagLink":null,"FallbackText":"","TagType":"None","MultibuyData":null,"TagContentText":null,"DualImageTagContent":null,"PromotionType":"NOT_SET","IsRegisteredRewardCardPromotion":false},"HeaderTag":null,"HasHeaderTag":false,"UnitWeightInGrams":0,"SupplyLimitMessage":"'Umami Edamame Salad' has a supply limit of 10. The quantity in your cart has been reduced accordingly. To purchase a larger quantity, please contact us on 1800 000 610. Please note we do not supply trade orders.","SmallFormatDescription":"Umami Edamame Salad","FullDescription":"Umami Edamame Salad","IsAvailable":true,"InstoreIsAvailable":true,"IsPurchasable":true,"InstoreIsPurchasable":true,"AgeRestricted":false,"DisplayQuantity":1,"RichDescription":null,"HideWasSavedPrice":false,"SapCategories":null,"Brand":"Umami","IsRestrictedByDeliveryMethod":false,"FooterTag":{"TagContent":null,"TagLink":null,"FallbackText":null,"TagType":"None","MultibuyData":null,"TagContentText":null,"DualImageTagContent":null,"PromotionType":"NOT_SET","IsRegisteredRewardCardPromotion":false},"IsFooterEnabled":true,"Diagnostics":"5","IsBundle":false,"IsInFamily":false,"ChildProducts":null,"UrlOverride":null,"AdditionalAttributes":{"boxedcontents":null,"addedvitaminsandminerals":"False","sapdepartmentname":"GROCERIES","spf":null,"haircolour":null,"lifestyleanddietarystatement":"Low Salt","sapcategoryname":"FROZEN MEALS","skintype":null,"importantinformation":null,"allergystatement":"Fish Free","productdepthmm":null,"skincondition":null,"ophthalmologistapproved":null,"healthstarrating":null,"hairtype":null,"fragrance-free":null,"sapsegmentname":"BEANS BROAD","suitablefor":null,"PiesProductDepartmentsjson":"[{\"Id\":\"1_ACA2FC2\",\"Description\":\"Freezer\"}]","piessubcategorynamesjson":"[\"Beans & Peas\",\"Gluten Free\"]","sapsegmentno":"2","productwidthmm":null,"contains":null,"sapsubcategoryname":"FREEZER - VEGETABLES","dermatologisttested":null,"wool_productpackaging":null,"dermatologicallyapproved":null,"specialsgroupid":null,"productimages":"658326.jpg,658326_1.jpg","productheightmm":null,"r&r_hidereviews":null,"microwavesafe":"False","paba-free":null,"lifestyleclaim":"Vegan, Vegetarian","alcoholfree":null,"tgawarning":null,"activeconstituents":null,"microwaveable":"False","soap-free":null,"countryoforigin":null,"isexcludedfromsubstitution":"False","productimagecount":"2","r&r_loggedinreviews":null,"anti-dandruff":null,"servingsize-total-nip":null,"tgahealthwarninglink":null,"allergenmaybepresent":null,"PiesProductDepartmentNodeId":"1_ACA2FC2","parabenfree":"False","vendorarticleid":null,"containsgluten":"False","containsnuts":"False","ingredients":"Young Soybeans  (100%), no salt added","colour":null,"manufacturer":null,"sapcategoryno":"97","storageinstructions":null,"tgawarnings":null,"piesdepartmentnamesjson":"[\"Freezer\"]","brand":"umami","oilfree":null,"fragrance":null,"antibacterial":"False","non-comedogenic":null,"antiseptic":"False","bpafree":"False","vendorcostprice":null,"description":"Healthy & Delicious Shelled Baby Soybeans\nReady to Eat Just Thaw\nSuch a versatile and convenient product as it can be used in salads, stir fries or as a vegetable accompaniment with any meal.  Umami Edamame contains all 9 essential amino acids making it a complete source of protein.","sweatresistant":null,"sapsubcategoryno":"103","claims":null,"antioxidant":"False","phbalanced":null,"wool_dietaryclaim":null,"ophthalmologisttested":null,"sulfatefree":"False","servingsperpack-total-nip":null,"piescategorynamesjson":"[\"Frozen Vegetables\",\"Frozen Gluten Free\"]","nutritionalinformation":"{\"Name\":\"Nutritional Information\",\"Attributes\":[{\"Id\":705,\"Name\":\"Carbohydrate Quantity Per 100g - Total - NIP\",\"Value\":\"14.1g\",\"Description\":\"Carbohydrate Quantity Per 100g - Total - NIP\",\"SortOrder\":83},{\"Id\":706,\"Name\":\"Carbohydrate Quantity Per Serve - Total - NIP\",\"Value\":\"7.05g\",\"Description\":\"Carbohydrate Quantity Per Serve - Total - NIP\",\"SortOrder\":87},{\"Id\":759,\"Name\":\"Energy kJ Quantity Per 100g - Total - NIP\",\"Value\":\"525kJ\",\"Description\":\"Energy kJ Quantity Per 100g - Total - NIP\",\"SortOrder\":239},{\"Id\":760,\"Name\":\"Energy kJ Quantity Per Serve - Total - NIP\",\"Value\":\"263kJ\",\"Description\":\"Energy kJ Quantity Per Serve - Total - NIP\",\"SortOrder\":243},{\"Id\":253,\"Name\":\"Fat Saturated Quantity Per 100g - Total - NIP\",\"Value\":\"0.30g\",\"Description\":\"Fat Saturated Quantity Per 100g - Total - NIP\",\"SortOrder\":251},{\"Id\":258,\"Name\":\"Fat Saturated Quantity Per Serve - Total - NIP\",\"Value\":\"0.15g\",\"Description\":\"Fat Saturated Quantity Per Serve - Total - NIP\",\"SortOrder\":255},{\"Id\":764,\"Name\":\"Fat Total Quantity Per 100g - Total - NIP\",\"Value\":\"2.0g\",\"Description\":\"Fat Total Quantity Per 100g - Total - NIP\",\"SortOrder\":263},{\"Id\":166,\"Name\":\"Fat Total Quantity Per 100g - ValueWord - NIP\",\"Value\":\"2\",\"Description\":\"Fat Total Quantity Per 100g - ValueWord - NIP\",\"SortOrder\":264},{\"Id\":264,\"Name\":\"Fat Total Quantity Per Serve - Total - NIP\",\"Value\":\"1.0g\",\"Description\":\"Fat Total Quantity Per Serve - Total - NIP\",\"SortOrder\":267},{\"Id\":878,\"Name\":\"Protein Quantity Per 100g - Total - NIP\",\"Value\":\"12.6g\",\"Description\":\"Protein Quantity Per 100g - Total - NIP\",\"SortOrder\":587},{\"Id\":882,\"Name\":\"Protein Quantity Per Serve - Total - NIP\",\"Value\":\"6.3g\",\"Description\":\"Protein Quantity Per Serve - Total - NIP\",\"SortOrder\":591},{\"Id\":477,\"Name\":\"Serving Size - Total - NIP\",\"Value\":\"50g\",\"Description\":\"Serving Size - Total - NIP\",\"SortOrder\":607},{\"Id\":544,\"Name\":\"Servings Per Pack - Total - NIP\",\"Value\":\"4\",\"Description\":\"Servings Per Pack - Total - NIP\",\"SortOrder\":611},{\"Id\":491,\"Name\":\"Sodium Quantity Per 100g - Total - NIP\",\"Value\":\"3mg\",\"Description\":\"Sodium Quantity Per 100g - Total - NIP\",\"SortOrder\":623},{\"Id\":495,\"Name\":\"Sodium Quantity Per Serve - Total - NIP\",\"Value\":\"1.5mg\",\"Description\":\"Sodium Quantity Per Serve - Total - NIP\",\"SortOrder\":627},{\"Id\":907,\"Name\":\"Sugars Quantity Per 100g - Prefix - NIP\",\"Value\":null,\"Description\":\"Sugars Quantity Per 100g - Prefix - NIP\",\"SortOrder\":645},{\"Id\":908,\"Name\":\"Sugars Quantity Per 100g - SuffixUnits - NIP\",\"Value\":\"g\",\"Description\":\"Sugars Quantity Per 100g - SuffixUnits - NIP\",\"SortOrder\":646},{\"Id\":909,\"Name\":\"Sugars Quantity Per 100g - Total - NIP\",\"Value\":\"3.2g\",\"Description\":\"Sugars Quantity Per 100g - Total - NIP\",\"SortOrder\":647},{\"Id\":910,\"Name\":\"Sugars Quantity Per 100g - ValueWord - NIP\",\"Value\":\"3.2\",\"Description\":\"Sugars Quantity Per 100g - ValueWord - NIP\",\"SortOrder\":648},{\"Id\":504,\"Name\":\"Sugars Quantity Per Serve - Prefix - NIP\",\"Value\":null,\"Description\":\"Sugars Quantity Per Serve - Prefix - NIP\",\"SortOrder\":649},{\"Id\":911,\"Name\":\"Sugars Quantity Per Serve - SuffixUnits - NIP\",\"Value\":\"g\",\"Description\":\"Sugars Quantity Per Serve - SuffixUnits - NIP\",\"SortOrder\":650},{\"Id\":912,\"Name\":\"Sugars Quantity Per Serve - Total - NIP\",\"Value\":\"1.6g\",\"Description\":\"Sugars Quantity Per Serve - Total - NIP\",\"SortOrder\":651},{\"Id\":572,\"Name\":\"Sugars Quantity Per Serve - ValueWord - NIP\",\"Value\":\"1.6\",\"Description\":\"Sugars Quantity Per Serve - ValueWord - NIP\",\"SortOrder\":652}]}","ovencook":"False","vegetarian":"False","hypo-allergenic":null,"timer":null,"dermatologistrecommended":null,"sapdepartmentno":"5","allergencontains":"Soy","waterresistant":null,"friendlydisclaimer":null,"recyclableinformation":null,"usageinstructions":null,"freezable":"False"},"DetailsImagePaths":["https://cdn0.woolworths.media/content/wowproductimages/large/658326.jpg"],"Variety":"Salad","Rating":{"ReviewCount":68,"RatingCount":68,"RatingSum":324,"OneStarCount":1,"TwoStarCount":0,"ThreeStarCount":2,"FourStarCount":8,"FiveStarCount":57,"Average":4.76470588235294,"OneStarPercentage":1.47058823529412,"TwoStarPercentage":0,"ThreeStarPercentage":2.94117647058824,"FourStarPercentage":11.7647058823529,"FiveStarPercentage":83.8235294117647},"HasProductSubs":false,"IsSponsoredAd":false,"AdID":null,"AdIndex":null,"IsMarketProduct":false,"IsGiftable":false,"Vendor":null,"Untraceable":false,"ThirdPartyProductInfo":null,"MarketFeatures":null,"MarketSpecifications":null,"SupplyLimitSource":"StockQuantity","Tags":null,"IsPersonalisedByPurchaseHistory":false,"IsFromFacetedSearch":false,"NextAvailabilityDate":null,"NumberOfSubstitutes":0,"IsPrimaryVariant":false,"VariantGroupId":0,"HasVariants":false,"VariantTitle":null,"IsTobacco":false}],"Name":"Umami Edamame Salad","DisplayName":"Umami Edamame Salad 200g"},{"Products":[{"TileID":0,"Stockcode":61998,"Barcode":"9339687133857","GtinFormat":13,"CupPrice":5.4,"InstoreCupPrice":5.4,"CupMeasure":"1KG","CupString":"$5.40 / 1KG","InstoreCupString":"$5.40 / 1KG","HasCupPrice":true,"InstoreHasCupPrice":true,"Price":2.7,"InstorePrice":2.7,"Name":"Woolworths Prep Set Go Diced Frozen Onions","DisplayName":"Woolworths Prep Set Go Diced Frozen Onions 500g","UrlFriendlyName":"woolworths-prep-set-go-diced-frozen-onions","Description":" Woolworths Prep Set Go Diced<br>Frozen Onions 500G","SmallImageFile":"https://cdn0.woolworths.media/content/wowproductimages/small/061998.jpg","MediumImageFile":"https://cdn0.woolworths.media/content/wowproductimages/medium/061998.jpg","LargeImageFile":"https://cdn0.woolworths.media/content/wowproductimages/large/061998.jpg","IsNew":false,"IsHalfPrice":false,"IsOnlineOnly":false,"IsOnSpecial":false,"InstoreIsOnSpecial":false,"IsEdrSpecial":false,"SavingsAmount":0.0,"InstoreSavingsAmount":0.0,"WasPrice":2.7,"InstoreWasPrice":2.7,"QuantityInTrolley":0,"Unit":"Each","MinimumQuantity":1,"HasBeenBoughtBefore":false,"IsInTrolley":false,"Source":"Aisle.Freezer","SupplyLimit":12,"ProductLimit":50,"MaxSupplyLimitMessage":"12 item(s) left","IsRanged":true,"IsInStock":true,"PackageSize":"500G","IsPmDelivery":true,"IsForCollection":true,"IsForDelivery":true,"IsForExpress":true,"ProductRestrictionMessage":null,"ProductWarningMessage":null,"CentreTag":{"TagContent":null,"TagLink":null,"FallbackText":null,"TagType":"None","MultibuyData":null,"TagContentText":null,"DualImageTagContent":null,"PromotionType":"NOT_SET","IsRegisteredRewardCardPromotion":false},"IsCentreTag":false,"ImageTag":{"TagContent":null,"TagLink":null,"FallbackText":"","TagType":"None","MultibuyData":null,"TagContentText":null,"DualImageTagContent":null,"PromotionType":"NOT_SET","IsRegisteredRewardCardPromotion":false},"HeaderTag":null,"HasHeaderTag":false,"UnitWeightInGrams":0,"SupplyLimitMessage":"'Woolworths Prep Set Go Diced Frozen Onions' has a supply limit of 12. The quantity in your cart has been reduced accordingly. To purchase a larger quantity, please contact us on 1800 000 610. Please note we do not supply trade orders.","SmallFormatDescription":"Woolworths Prep Set Go Diced Frozen Onions","FullDescription":"Woolworths Prep Set Go Diced Frozen Onions","IsAvailable":true,"InstoreIsAvailable":true,"IsPurchasable":true,"InstoreIsPurchasable":true,"AgeRestricted":false,"DisplayQuantity":1,"RichDescription":null,"HideWasSavedPrice":false,"SapCategories":null,"Brand":"Woolworths","IsRestrictedByDeliveryMethod":false,"FooterTag":{"TagContent":null,"TagLink":null,"FallbackText":null,"TagType":"None","MultibuyData":null,"TagContentText":null,"DualImageTagContent":null,"PromotionType":"NOT_SET","IsRegisteredRewardCardPromotion":false},"IsFooterEnabled":true,"Diagnostics":"6","IsBundle":false,"IsInFamily":false,"ChildProducts":null,"UrlOverride":null,"AdditionalAttributes":{"boxedcontents":null,"addedvitaminsandminerals":"False","sapdepartmentname":"GROCERIES","spf":null,"haircolour":null,"lifestyleanddietarystatement":"Gluten Free","sapcategoryname":"FROZEN MEALS","skintype":null,"importantinformation":null,"allergystatement":"Egg Free","productdepthmm":null,"skincondition":null,"ophthalmologistapproved":null,"healthstarrating":"4.5","hairtype":null,"fragrance-free":null,"sapsegmentname":"PREPPED VEGETABLES","suitablefor":null,"PiesProductDepartmentsjson":"[{\"Id\":\"1_ACA2FC2\",\"Description\":\"Freezer\"},{\"Id\":\"1_D5A2236\",\"Description\":\"Poultry, Meat & Seafood\"},{\"Id\":\"1_49D9295\",\"Description\":\"Father's Day\"}]","piessubcategorynamesjson":"[\"Other Vegetables\",\"Mixed Vegetables\",\"Gluten Free\",\"Lunch Essentials\"]","sapsegmentno":"16","productwidthmm":null,"contains":null,"sapsubcategoryname":"FREEZER - VEGETABLES","dermatologisttested":null,"wool_productpackaging":null,"dermatologicallyapproved":null,"specialsgroupid":null,"productimages":"61998.jpg,61998_2.jpg","productheightmm":null,"r&r_hidereviews":null,"microwavesafe":"False","paba-free":null,"lifestyleclaim":null,"alcoholfree":null,"tgawarning":null,"activeconstituents":null,"microwaveable":"False","soap-free":null,"countryoforigin":null,"isexcludedfromsubstitution":"False","productimagecount":"2","r&r_loggedinreviews":null,"anti-dandruff":null,"servingsize-total-nip":null,"tgahealthwarninglink":null,"allergenmaybepresent":null,"PiesProductDepartmentNodeId":"1_ACA2FC2","parabenfree":"False","vendorarticleid":null,"containsgluten":"False","containsnuts":"False","ingredients":"Onion","colour":null,"manufacturer":null,"sapcategoryno":"97","storageinstructions":"Keep Frozen","tgawarnings":null,"piesdepartmentnamesjson":"[\"Freezer\",\"Poultry, Meat & Seafood\",\"Father's Day\"]","brand":"woolworths","oilfree":null,"fragrance":null,"antibacterial":"False","non-comedogenic":null,"antiseptic":"False","bpafree":"False","vendorcostprice":null,"description":"1 serve of vegetables = 1/2 cup (1)\n(1) One serve of vegetables is approximately 75g. Australian Dietary Guidelines recommend 5 serves of vegetables per day.","sweatresistant":null,"sapsubcategoryno":"103","claims":null,"antioxidant":"False","phbalanced":null,"wool_dietaryclaim":null,"ophthalmologisttested":null,"sulfatefree":"False","servingsperpack-total-nip":null,"piescategorynamesjson":"[\"Frozen Vegetables\",\"Frozen Gluten Free\",\"Homemade Meals\"]","nutritionalinformation":"{\"Name\":\"Nutritional Information\",\"Attributes\":[{\"Id\":705,\"Name\":\"Carbohydrate Quantity Per 100g - Total - NIP\",\"Value\":\"5.80g\",\"Description\":\"Carbohydrate Quantity Per 100g - Total - NIP\",\"SortOrder\":83},{\"Id\":706,\"Name\":\"Carbohydrate Quantity Per Serve - Total - NIP\",\"Value\":\"4.40g\",\"Description\":\"Carbohydrate Quantity Per Serve - Total - NIP\",\"SortOrder\":87},{\"Id\":191,\"Name\":\"Dietary Fibre Quantity Per 100g - Total - NIP\",\"Value\":\"Approx.2.7g\",\"Description\":\"Dietary Fibre Quantity Per 100g - Total - NIP\",\"SortOrder\":175},{\"Id\":120,\"Name\":\"Dietary Fibre Quantity Per Serve - Total - NIP\",\"Value\":\"Approx.2g\",\"Description\":\"Dietary Fibre Quantity Per Serve - Total - NIP\",\"SortOrder\":179},{\"Id\":759,\"Name\":\"Energy kJ Quantity Per 100g - Total - NIP\",\"Value\":\"142.00kJ\",\"Description\":\"Energy kJ Quantity Per 100g - Total - NIP\",\"SortOrder\":239},{\"Id\":760,\"Name\":\"Energy kJ Quantity Per Serve - Total - NIP\",\"Value\":\"106.00kJ\",\"Description\":\"Energy kJ Quantity Per Serve - Total - NIP\",\"SortOrder\":243},{\"Id\":253,\"Name\":\"Fat Saturated Quantity Per 100g - Total - NIP\",\"Value\":\"0.10g\",\"Description\":\"Fat Saturated Quantity Per 100g - Total - NIP\",\"SortOrder\":251},{\"Id\":258,\"Name\":\"Fat Saturated Quantity Per Serve - Total - NIP\",\"Value\":\"0.10g\",\"Description\":\"Fat Saturated Quantity Per Serve - Total - NIP\",\"SortOrder\":255},{\"Id\":764,\"Name\":\"Fat Total Quantity Per 100g - Total - NIP\",\"Value\":\"0.10g\",\"Description\":\"Fat Total Quantity Per 100g - Total - NIP\",\"SortOrder\":263},{\"Id\":166,\"Name\":\"Fat Total Quantity Per 100g - ValueWord - NIP\",\"Value\":\"0.10\",\"Description\":\"Fat Total Quantity Per 100g - ValueWord - NIP\",\"SortOrder\":264},{\"Id\":264,\"Name\":\"Fat Total Quantity Per Serve - Total - NIP\",\"Value\":\"0.10g\",\"Description\":\"Fat Total Quantity Per Serve - Total - NIP\",\"SortOrder\":267},{\"Id\":878,\"Name\":\"Protein Quantity Per 100g - Total - NIP\",\"Value\":\"1.30g\",\"Description\":\"Protein Quantity Per 100g - Total - NIP\",\"SortOrder\":587},{\"Id\":882,\"Name\":\"Protein Quantity Per Serve - Total - NIP\",\"Value\":\"1.00g\",\"Description\":\"Protein Quantity Per Serve - Total - NIP\",\"SortOrder\":591},{\"Id\":477,\"Name\":\"Serving Size - Total - NIP\",\"Value\":\"75.00g\",\"Description\":\"Serving Size - Total - NIP\",\"SortOrder\":607},{\"Id\":544,\"Name\":\"Servings Per Pack - Total - NIP\",\"Value\":\"6.00\",\"Description\":\"Servings Per Pack - Total - NIP\",\"SortOrder\":611},{\"Id\":491,\"Name\":\"Sodium Quantity Per 100g - Total - NIP\",\"Value\":\"8.00mg\",\"Description\":\"Sodium Quantity Per 100g - Total - NIP\",\"SortOrder\":623},{\"Id\":495,\"Name\":\"Sodium Quantity Per Serve - Total - NIP\",\"Value\":\"6.00mg\",\"Description\":\"Sodium Quantity Per Serve - Total - NIP\",\"SortOrder\":627},{\"Id\":907,\"Name\":\"Sugars Quantity Per 100g - Prefix - NIP\",\"Value\":\"Approx.\",\"Description\":\"Sugars Quantity Per 100g - Prefix - NIP\",\"SortOrder\":645},{\"Id\":908,\"Name\":\"Sugars Quantity Per 100g - SuffixUnits - NIP\",\"Value\":\"g\",\"Description\":\"Sugars Quantity Per 100g - SuffixUnits - NIP\",\"SortOrder\":646},{\"Id\":909,\"Name\":\"Sugars Quantity Per 100g - Total - NIP\",\"Value\":\"5.80g\",\"Description\":\"Sugars Quantity Per 100g - Total - NIP\",\"SortOrder\":647},{\"Id\":910,\"Name\":\"Sugars Quantity Per 100g - ValueWord - NIP\",\"Value\":\"5.80\",\"Description\":\"Sugars Quantity Per 100g - ValueWord - NIP\",\"SortOrder\":648},{\"Id\":504,\"Name\":\"Sugars Quantity Per Serve - Prefix - NIP\",\"Value\":\"Approx.\",\"Description\":\"Sugars Quantity Per Serve - Prefix - NIP\",\"SortOrder\":649},{\"Id\":911,\"Name\":\"Sugars Quantity Per Serve - SuffixUnits - NIP\",\"Value\":\"g\",\"Description\":\"Sugars Quantity Per Serve - SuffixUnits - NIP\",\"SortOrder\":650},{\"Id\":912,\"Name\":\"Sugars Quantity Per Serve - Total - NIP\",\"Value\":\"4.40g\",\"Description\":\"Sugars Quantity Per Serve - Total - NIP\",\"SortOrder\":651},{\"Id\":572,\"Name\":\"Sugars Quantity Per Serve - ValueWord - NIP\",\"Value\":\"4.40\",\"Description\":\"Sugars Quantity Per Serve - ValueWord - NIP\",\"SortOrder\":652}]}","ovencook":"False","vegetarian":"False","hypo-allergenic":null,"timer":null,"dermatologistrecommended":null,"sapdepartmentno":"5","allergencontains":null,"waterresistant":null,"friendlydisclaimer":null,"recyclableinformation":null,"usageinstructions":null,"freezable":"False"},"DetailsImagePaths":["https://cdn0.woolworths.media/content/wowproductimages/large/061998.jpg"],"Variety":"Onions","Rating":{"ReviewCount":779,"RatingCount":779,"RatingSum":3520,"OneStarCount":6,"TwoStarCount":2,"ThreeStarCount":54,"FourStarCount":237,"FiveStarCount":480,"Average":4.5186136071887,"OneStarPercentage":0.770218228498074,"TwoStarPercentage":0.256739409499358,"ThreeStarPercentage":6.93196405648267,"FourStarPercentage":30.4236200256739,"FiveStarPercentage":61.617458279846},"HasProductSubs":false,"IsSponsoredAd":false,"AdID":null,"AdIndex":null,"IsMarketProduct":false,"IsGiftable":false,"Vendor":null,"Untraceable":false,"ThirdPartyProductInfo":null,"MarketFeatures":null,"MarketSpecifications":null,"SupplyLimitSource":"StockQuantity","Tags":null,"IsPersonalisedByPurchaseHistory":false,"IsFromFacetedSearch":false,"NextAvailabilityDate":null,"NumberOfSubstitutes":0,"IsPrimaryVariant":false,"VariantGroupId":0,"HasVariants":false,"VariantTitle":null,"IsTobacco":false}],"Name":"Woolworths Prep Set Go Diced Frozen Onions","DisplayName":"Woolworths Prep Set Go Diced Frozen Onions 500g"},{"Products":[{"TileID":0,"Stockcode":96845,"Barcode":"9300633968458","GtinFormat":13,"CupPrice":null,"InstoreCupPrice":null,"CupMeasure":"1KG","CupString":"","InstoreCupString":"","HasCupPrice":false,"InstoreHasCupPrice":false,"Price":null,"InstorePrice":null,"Name":"Essentials Frozen Peas","DisplayName":"Essentials Frozen Peas 1kg","UrlFriendlyName":"essentials-frozen-peas","Description":" Essentials Frozen Peas  1Kg","SmallImageFile":"https://cdn0.woolworths.media/content/wowproductimages/small/096845.jpg","MediumImageFile":"https://cdn0.woolworths.media/content/wowproductimages/medium/096845.jpg","LargeImageFile":"https://cdn0.woolworths.media/content/wowproductimages/large/096845.jpg","IsNew":false,"IsHalfPrice":false,"IsOnlineOnly":false,"IsOnSpecial":false,"InstoreIsOnSpecial":false,"IsEdrSpecial":false,"SavingsAmount":null,"InstoreSavingsAmount":null,"WasPrice":2.7,"InstoreWasPrice":2.7,"QuantityInTrolley":0,"Unit":"Each","MinimumQuantity":1,"HasBeenBoughtBefore":false,"IsInTrolley":false,"Source":"Aisle.Freezer","SupplyLimit":50,"ProductLimit":50,"MaxSupplyLimitMessage":"50 item limit","IsRanged":true,"IsInStock":false,"PackageSize":"1Kg","IsPmDelivery":true,"IsForCollection":true,"IsForDelivery":true,"IsForExpress":true,"ProductRestrictionMessage":null,"ProductWarningMessage":null,"CentreTag":{"TagContent":null,"TagLink":null,"FallbackText":null,"TagType":"None","MultibuyData":null,"TagContentText":null,"DualImageTagContent":null,"PromotionType":"NOT_SET","IsRegisteredRewardCardPromotion":false},"IsCentreTag":false,"ImageTag":{"TagContent":null,"TagLink":null,"FallbackText":null,"TagType":"None","MultibuyData":null,"TagContentText":null,"DualImageTagContent":null,"PromotionType":"NOT_SET","IsRegisteredRewardCardPromotion":false},"HeaderTag":null,"HasHeaderTag":false,"UnitWeightInGrams":0,"SupplyLimitMessage":"'Essentials Frozen Peas' has a supply limit of 50. The quantity in your cart has been reduced accordingly. To purchase a larger quantity, please contact us on 1800 000 610. Please note we do not supply trade orders.","SmallFormatDescription":"Essentials Frozen Peas ","FullDescription":"Essentials Frozen Peas ","IsAvailable":false,"InstoreIsAvailable":false,"IsPurchasable":false,"InstoreIsPurchasable":false,"AgeRestricted":false,"DisplayQuantity":1,"RichDescription":null,"HideWasSavedPrice":true,"SapCategories":null,"Brand":"Essentials","IsRestrictedByDeliveryMethod":false,"FooterTag":{"TagContent":null,"TagLink":null,"FallbackText":null,"TagType":"None","MultibuyData":null,"TagContentText":null,"DualImageTagContent":null,"PromotionType":"NOT_SET","IsRegisteredRewardCardPromotion":false},"IsFooterEnabled":true,"Diagnostics":"7","IsBundle":false,"IsInFamily":false,"ChildProducts":null,"UrlOverride":null,"AdditionalAttributes":{"boxedcontents":null,"addedvitaminsandminerals":"False","sapdepartmentname":"GROCERIES","spf":null,"haircolour":null,"lifestyleanddietarystatement":"Low Salt","sapcategoryname":"FROZEN MEALS","skintype":null,"importantinformation":null,"allergystatement":"Soy Free","productdepthmm":null,"skincondition":null,"ophthalmologistapproved":null,"healthstarrating":"5","hairtype":null,"fragrance-free":null,"sapsegmentname":"PEAS","suitablefor":null,"PiesProductDepartmentsjson":"[{\"Id\":\"1_ACA2FC2\",\"Description\":\"Freezer\"}]","piessubcategorynamesjson":"[\"Beans & Peas\",\"Gluten Free\"]","sapsegmentno":"14","productwidthmm":null,"contains":null,"sapsubcategoryname":"FREEZER - VEGETABLES","dermatologisttested":null,"wool_productpackaging":null,"dermatologicallyapproved":null,"specialsgroupid":null,"productimages":"96845.jpg,96845_2.jpg","productheightmm":null,"r&r_hidereviews":null,"microwavesafe":"False","paba-free":null,"lifestyleclaim":null,"alcoholfree":null,"tgawarning":null,"activeconstituents":null,"microwaveable":"False","soap-free":null,"countryoforigin":null,"isexcludedfromsubstitution":"False","productimagecount":"2","r&r_loggedinreviews":null,"anti-dandruff":null,"servingsize-total-nip":null,"tgahealthwarninglink":null,"allergenmaybepresent":null,"PiesProductDepartmentNodeId":"1_ACA2FC2","parabenfree":"False","vendorarticleid":null,"containsgluten":"False","containsnuts":"False","ingredients":"Peas","colour":null,"manufacturer":null,"sapcategoryno":"97","storageinstructions":"Keep Frozen","tgawarnings":null,"piesdepartmentnamesjson":"[\"Freezer\"]","brand":"essentials","oilfree":null,"fragrance":null,"antibacterial":"False","non-comedogenic":null,"antiseptic":"False","bpafree":"False","vendorcostprice":null,"description":"<div><em>This product varies by state. Please review the product packaging for specific details when you receive this product, including nutritional information and country of origin, before consuming.<br><br></em><strong>Allergen<br><br></strong><em>As this product varies by state, please review the product packaging when you receive your order for allergen information to determine whether this product is suitable for you before consuming, particularly if you suffer from a food allergy or intolerance.</em></div>","sweatresistant":null,"sapsubcategoryno":"103","claims":null,"antioxidant":"False","phbalanced":null,"wool_dietaryclaim":null,"ophthalmologisttested":null,"sulfatefree":"False","servingsperpack-total-nip":null,"piescategorynamesjson":"[\"Frozen Vegetables\",\"Frozen Gluten Free\"]","nutritionalinformation":"{\"Name\":\"Nutritional Information\",\"Attributes\":[{\"Id\":702,\"Name\":\"Calcium Quantity Per 100g - Total - NIP\",\"Value\":\"30mg\",\"Description\":\"Calcium Quantity Per 100g - Total - NIP\",\"SortOrder\":71},{\"Id\":47,\"Name\":\"Calcium Quantity Per Serve - Total - NIP\",\"Value\":\"30mg\",\"Description\":\"Calcium Quantity Per Serve - Total - NIP\",\"SortOrder\":75},{\"Id\":705,\"Name\":\"Carbohydrate Quantity Per 100g - Total - NIP\",\"Value\":\"6.40g\",\"Description\":\"Carbohydrate Quantity Per 100g - Total - NIP\",\"SortOrder\":83},{\"Id\":706,\"Name\":\"Carbohydrate Quantity Per Serve - Total - NIP\",\"Value\":\"4.80g\",\"Description\":\"Carbohydrate Quantity Per Serve - Total - NIP\",\"SortOrder\":87},{\"Id\":191,\"Name\":\"Dietary Fibre Quantity Per 100g - Total - NIP\",\"Value\":\"6.60g\",\"Description\":\"Dietary Fibre Quantity Per 100g - Total - NIP\",\"SortOrder\":175},{\"Id\":120,\"Name\":\"Dietary Fibre Quantity Per Serve - Total - NIP\",\"Value\":\"5.00g\",\"Description\":\"Dietary Fibre Quantity Per Serve - Total - NIP\",\"SortOrder\":179},{\"Id\":759,\"Name\":\"Energy kJ Quantity Per 100g - Total - NIP\",\"Value\":\"261.00kJ\",\"Description\":\"Energy kJ Quantity Per 100g - Total - NIP\",\"SortOrder\":239},{\"Id\":760,\"Name\":\"Energy kJ Quantity Per Serve - Total - NIP\",\"Value\":\"196.00kJ\",\"Description\":\"Energy kJ Quantity Per Serve - Total - NIP\",\"SortOrder\":243},{\"Id\":253,\"Name\":\"Fat Saturated Quantity Per 100g - Total - NIP\",\"Value\":\"1.00g\",\"Description\":\"Fat Saturated Quantity Per 100g - Total - NIP\",\"SortOrder\":251},{\"Id\":258,\"Name\":\"Fat Saturated Quantity Per Serve - Total - NIP\",\"Value\":\"0.80g\",\"Description\":\"Fat Saturated Quantity Per Serve - Total - NIP\",\"SortOrder\":255},{\"Id\":764,\"Name\":\"Fat Total Quantity Per 100g - Total - NIP\",\"Value\":\"1.00g\",\"Description\":\"Fat Total Quantity Per 100g - Total - NIP\",\"SortOrder\":263},{\"Id\":166,\"Name\":\"Fat Total Quantity Per 100g - ValueWord - NIP\",\"Value\":\"1.00\",\"Description\":\"Fat Total Quantity Per 100g - ValueWord - NIP\",\"SortOrder\":264},{\"Id\":264,\"Name\":\"Fat Total Quantity Per Serve - Total - NIP\",\"Value\":\"0.80g\",\"Description\":\"Fat Total Quantity Per Serve - Total - NIP\",\"SortOrder\":267},{\"Id\":443,\"Name\":\"Potassium Quantity Per 100g - Total - NIP\",\"Value\":\"268mg\",\"Description\":\"Potassium Quantity Per 100g - Total - NIP\",\"SortOrder\":575},{\"Id\":493,\"Name\":\"Potassium Quantity Per Serve - Total - NIP\",\"Value\":\"268mg\",\"Description\":\"Potassium Quantity Per Serve - Total - NIP\",\"SortOrder\":579},{\"Id\":878,\"Name\":\"Protein Quantity Per 100g - Total - NIP\",\"Value\":\"5.20g\",\"Description\":\"Protein Quantity Per 100g - Total - NIP\",\"SortOrder\":587},{\"Id\":882,\"Name\":\"Protein Quantity Per Serve - Total - NIP\",\"Value\":\"3.90g\",\"Description\":\"Protein Quantity Per Serve - Total - NIP\",\"SortOrder\":591},{\"Id\":477,\"Name\":\"Serving Size - Total - NIP\",\"Value\":\"75.00g\",\"Description\":\"Serving Size - Total - NIP\",\"SortOrder\":607},{\"Id\":544,\"Name\":\"Servings Per Pack - Total - NIP\",\"Value\":\"13.00\",\"Description\":\"Servings Per Pack - Total - NIP\",\"SortOrder\":611},{\"Id\":491,\"Name\":\"Sodium Quantity Per 100g - Total - NIP\",\"Value\":\"5.00mg\",\"Description\":\"Sodium Quantity Per 100g - Total - NIP\",\"SortOrder\":623},{\"Id\":495,\"Name\":\"Sodium Quantity Per Serve - Total - NIP\",\"Value\":\"4.00mg\",\"Description\":\"Sodium Quantity Per Serve - Total - NIP\",\"SortOrder\":627},{\"Id\":907,\"Name\":\"Sugars Quantity Per 100g - Prefix - NIP\",\"Value\":null,\"Description\":\"Sugars Quantity Per 100g - Prefix - NIP\",\"SortOrder\":645},{\"Id\":908,\"Name\":\"Sugars Quantity Per 100g - SuffixUnits - NIP\",\"Value\":\"g\",\"Description\":\"Sugars Quantity Per 100g - SuffixUnits - NIP\",\"SortOrder\":646},{\"Id\":909,\"Name\":\"Sugars Quantity Per 100g - Total - NIP\",\"Value\":\"2.50g\",\"Description\":\"Sugars Quantity Per 100g - Total - NIP\",\"SortOrder\":647},{\"Id\":910,\"Name\":\"Sugars Quantity Per 100g - ValueWord - NIP\",\"Value\":\"2.50\",\"Description\":\"Sugars Quantity Per 100g - ValueWord - NIP\",\"SortOrder\":648},{\"Id\":504,\"Name\":\"Sugars Quantity Per Serve - Prefix - NIP\",\"Value\":null,\"Description\":\"Sugars Quantity Per Serve - Prefix - NIP\",\"SortOrder\":649},{\"Id\":911,\"Name\":\"Sugars Quantity Per Serve - SuffixUnits - NIP\",\"Value\":\"g\",\"Description\":\"Sugars Quantity Per Serve - SuffixUnits - NIP\",\"SortOrder\":650},{\"Id\":912,\"Name\":\"Sugars Quantity Per Serve - Total - NIP\",\"Value\":\"1.90g\",\"Description\":\"Sugars Quantity Per Serve - Total - NIP\",\"SortOrder\":651},{\"Id\":572,\"Name\":\"Sugars Quantity Per Serve - ValueWord - NIP\",\"Value\":\"1.90\",\"Description\":\"Sugars Quantity Per Serve - ValueWord - NIP\",\"SortOrder\":652}]}","ovencook":"False","vegetarian":"False","hypo-allergenic":null,"timer":null,"dermatologistrecommended":null,"sapdepartmentno":"5","allergencontains":null,"waterresistant":null,"friendlydisclaimer":null,"recyclableinformation":null,"usageinstructions":null,"freezable":"False"},"DetailsImagePaths":["https://cdn0.woolworths.media/content/wowproductimages/large/096845.jpg"],"Variety":null,"Rating":{"ReviewCount":696,"RatingCount":696,"RatingSum":3170,"OneStarCount":9,"TwoStarCount":9,"ThreeStarCount":42,"FourStarCount":163,"FiveStarCount":473,"Average":4.55459770114942,"OneStarPercentage":1.29310344827586,"TwoStarPercentage":1.29310344827586,"ThreeStarPercentage":6.03448275862069,"FourStarPercentage":23.4195402298851,"FiveStarPercentage":67.9597701149425},"HasProductSubs":false,"IsSponsoredAd":false,"AdID":null,"AdIndex":null,"IsMarketProduct":false,"IsGiftable":false,"Vendor":null,"Untraceable":false,"ThirdPartyProductInfo":null,"MarketFeatures":null,"MarketSpecifications":null,"SupplyLimitSource":"ProductLimit","Tags":null,"IsPersonalisedByPurchaseHistory":false,"IsFromFacetedSearch":false,"NextAvailabilityDate":null,"NumberOfSubstitutes":5,"IsPrimaryVariant":false,"VariantGroupId":0,"HasVariants":false,"VariantTitle":null,"IsTobacco":false}],"Name":"Essentials Frozen Peas","DisplayName":"Essentials Frozen Peas 1kg"},{"Products":[{"TileID":0,"Stockcode":221002,"Barcode":"9349663002688","GtinFormat":13,"CupPrice":2.29,"InstoreCupPrice":3.33,"CupMeasure":"100G","CupString":"$2.29 / 100G","InstoreCupString":"$3.33 / 100G","HasCupPrice":true,"InstoreHasCupPrice":true,"Price":2.75,"InstorePrice":2.75,"Name":"Sunny Queen Omelette Roll Fetta & Spinach Frozen","DisplayName":"Sunny Queen Omelette Roll Fetta & Spinach Frozen 120g","UrlFriendlyName":"sunny-queen-omelette-roll-fetta-spinach-frozen","Description":" Sunny Queen Omelette Roll<br>Fetta & Spinach... 120g","SmallImageFile":"https://cdn0.woolworths.media/content/wowproductimages/small/221002.jpg","MediumImageFile":"https://cdn0.woolworths.media/content/wowproductimages/medium/221002.jpg","LargeImageFile":"https://cdn0.woolworths.media/content/wowproductimages/large/221002.jpg","IsNew":false,"IsHalfPrice":false,"IsOnlineOnly":false,"IsOnSpecial":true,"InstoreIsOnSpecial":true,"IsEdrSpecial":false,"SavingsAmount":1.25,"InstoreSavingsAmount":1.25,"WasPrice":4,"InstoreWasPrice":4,"QuantityInTrolley":0,"Unit":"Each","MinimumQuantity":1,"HasBeenBoughtBefore":false,"IsInTrolley":false,"Source":"Aisle.Freezer","SupplyLimit":22,"ProductLimit":50,"MaxSupplyLimitMessage":"22 item(s) left","IsRanged":true,"IsInStock":true,"PackageSize":"120g","IsPmDelivery":false,"IsForCollection":true,"IsForDelivery":true,"IsForExpress":true,"ProductRestrictionMessage":null,"ProductWarningMessage":null,"CentreTag":{"TagContent":null,"TagLink":null,"FallbackText":null,"TagType":"None","MultibuyData":null,"TagContentText":null,"DualImageTagContent":null,"PromotionType":"NOT_SET","IsRegisteredRewardCardPromotion":false},"IsCentreTag":false,"ImageTag":{"TagContent":"/content/promotiontags/roundel-special-200x200.png","TagLink":"","FallbackText":"On Special","TagType":"None","MultibuyData":null,"TagContentText":null,"DualImageTagContent":null,"PromotionType":"NOT_SET","IsRegisteredRewardCardPromotion":false},"HeaderTag":{"BackgroundColor":"#fd0","BorderColor":"#fd0","TextColor":"#000","Content":"Save $1.25","TagLink":null,"Promotion":"Special"},"HasHeaderTag":true,"UnitWeightInGrams":0,"SupplyLimitMessage":"'Sunny Queen Omelette Roll Fetta & Spinach Frozen' has a supply limit of 22. The quantity in your cart has been reduced accordingly. To purchase a larger quantity, please contact us on 1800 000 610. Please note we do not supply trade orders.","SmallFormatDescription":"Sunny Queen Omelette Roll Fetta & Spinach Frozen","FullDescription":"Sunny Queen Omelette Roll Fetta & Spinach Frozen","IsAvailable":true,"InstoreIsAvailable":true,"IsPurchasable":true,"InstoreIsPurchasable":true,"AgeRestricted":false,"DisplayQuantity":1,"RichDescription":null,"HideWasSavedPrice":false,"SapCategories":null,"Brand":"Sunny Queen","IsRestrictedByDeliveryMethod":false,"FooterTag":{"TagContent":null,"TagLink":null,"FallbackText":null,"TagType":"None","MultibuyData":null,"TagContentText":null,"DualImageTagContent":null,"PromotionType":"NOT_SET","IsRegisteredRewardCardPromotion":false},"IsFooterEnabled":false,"Diagnostics":"8","IsBundle":false,"IsInFamily":false,"ChildProducts":null,"UrlOverride":null,"AdditionalAttributes":{"boxedcontents":null,"addedvitaminsandminerals":"False","sapdepartmentname":"GROCERIES","spf":null,"haircolour":null,"lifestyleanddietarystatement":null,"sapcategoryname":"FROZEN MEALS","skintype":null,"importantinformation":null,"allergystatement":null,"productdepthmm":null,"skincondition":null,"ophthalmologistapproved":null,"healthstarrating":"3.5","hairtype":null,"fragrance-free":null,"sapsegmentname":"SINGLE SERVE PASTRIES","suitablefor":null,"PiesProductDepartmentsjson":"[{\"Id\":\"1_6E4F4E4\",\"Description\":\"Dairy, Eggs & Fridge\"},{\"Id\":\"1_ACA2FC2\",\"Description\":\"Freezer\"}]","piessubcategorynamesjson":"[\"Eggs\",\"Pies, Pastries & Quiches\"]","sapsegmentno":"12","productwidthmm":null,"contains":null,"sapsubcategoryname":"FREEZER - SNACKING","dermatologisttested":null,"wool_productpackaging":null,"dermatologicallyapproved":null,"specialsgroupid":null,"productimages":"221002.jpg,221002_2.jpg,221002_3.jpg,221002_7.jpg,221002_8.jpg,221002_9.jpg","productheightmm":null,"r&r_hidereviews":null,"microwavesafe":"False","paba-free":null,"lifestyleclaim":null,"alcoholfree":null,"tgawarning":null,"activeconstituents":null,"microwaveable":"False","soap-free":null,"countryoforigin":null,"isexcludedfromsubstitution":"False","productimagecount":"6","r&r_loggedinreviews":null,"anti-dandruff":null,"servingsize-total-nip":null,"tgahealthwarninglink":null,"allergenmaybepresent":null,"PiesProductDepartmentNodeId":"1_6E4F4E4","parabenfree":"False","vendorarticleid":null,"containsgluten":"False","containsnuts":"False","ingredients":null,"colour":null,"manufacturer":null,"sapcategoryno":"97","storageinstructions":null,"tgawarnings":null,"piesdepartmentnamesjson":"[\"Dairy, Eggs & Fridge\",\"Freezer\"]","brand":"sunny queen","oilfree":null,"fragrance":null,"antibacterial":"False","non-comedogenic":null,"antiseptic":"False","bpafree":"False","vendorcostprice":null,"description":null,"sweatresistant":null,"sapsubcategoryno":"132","claims":null,"antioxidant":"False","phbalanced":null,"wool_dietaryclaim":null,"ophthalmologisttested":null,"sulfatefree":"False","servingsperpack-total-nip":null,"piescategorynamesjson":"[\"Eggs, Butter & Margarine\",\"Frozen Party Food\"]","nutritionalinformation":null,"ovencook":"False","vegetarian":"False","hypo-allergenic":null,"timer":null,"dermatologistrecommended":null,"sapdepartmentno":"5","allergencontains":null,"waterresistant":null,"friendlydisclaimer":null,"recyclableinformation":null,"usageinstructions":null,"freezable":"False"},"DetailsImagePaths":["https://cdn0.woolworths.media/content/wowproductimages/large/221002.jpg"],"Variety":"Spinach Frozen","Rating":{"ReviewCount":0,"RatingCount":0,"RatingSum":0,"OneStarCount":0,"TwoStarCount":0,"ThreeStarCount":0,"FourStarCount":0,"FiveStarCount":0,"Average":0,"OneStarPercentage":0,"TwoStarPercentage":0,"ThreeStarPercentage":0,"FourStarPercentage":0,"FiveStarPercentage":0},"HasProductSubs":false,"IsSponsoredAd":false,"AdID":null,"AdIndex":null,"IsMarketProduct":false,"IsGiftable":false,"Vendor":null,"Untraceable":false,"ThirdPartyProductInfo":null,"MarketFeatures":null,"MarketSpecifications":null,"SupplyLimitSource":"StockQuantity","Tags":[{"Content":{"Type":"Label","Position":"Top","Attributes":{"Text":"Save $1.25","Promotion":"Special","BackgroundColor":"#fd0","BorderColor":"#fd0","TextColor":"#000"}},"TemplateId":null,"Metadata":null},{"Content":{"Type":"Roundel","Position":"Top","Attributes":{"ImagePath":"/content/promotiontags/roundel-special-200x200.png","FallbackText":"On Special"}},"TemplateId":null,"Metadata":null}],"IsPersonalisedByPurchaseHistory":false,"IsFromFacetedSearch":false,"NextAvailabilityDate":null,"NumberOfSubstitutes":0,"IsPrimaryVariant":false,"VariantGroupId":0,"HasVariants":false,"VariantTitle":null,"IsTobacco":false}],"Name":"Sunny Queen Omelette Roll Fetta & Spinach Frozen","DisplayName":"Sunny Queen Omelette Roll Fetta & Spinach Frozen 120g"},{"Products":[{"TileID":0,"Stockcode":93915,"Barcode":"9339687272723","GtinFormat":13,"CupPrice":2.8,"InstoreCupPrice":2.8,"CupMeasure":"1KG","CupString":"$2.80 / 1KG","InstoreCupString":"$2.80 / 1KG","HasCupPrice":true,"InstoreHasCupPrice":true,"Price":2.8,"InstorePrice":2.8,"Name":"Essentials Frozen Mixed Vegetables","DisplayName":"Essentials Frozen Mixed Vegetables 1kg","UrlFriendlyName":"essentials-frozen-mixed-vegetables","Description":" Essentials Frozen Mixed<br>Vegetables 1Kg","SmallImageFile":"https://cdn0.woolworths.media/content/wowproductimages/small/093915.jpg","MediumImageFile":"https://cdn0.woolworths.media/content/wowproductimages/medium/093915.jpg","LargeImageFile":"https://cdn0.woolworths.media/content/wowproductimages/large/093915.jpg","IsNew":false,"IsHalfPrice":false,"IsOnlineOnly":false,"IsOnSpecial":false,"InstoreIsOnSpecial":false,"IsEdrSpecial":false,"SavingsAmount":0.0,"InstoreSavingsAmount":0.0,"WasPrice":2.8,"InstoreWasPrice":2.8,"QuantityInTrolley":0,"Unit":"Each","MinimumQuantity":1,"HasBeenBoughtBefore":false,"IsInTrolley":false,"Source":"Aisle.Freezer","SupplyLimit":31,"ProductLimit":50,"MaxSupplyLimitMessage":"31 item(s) left","IsRanged":true,"IsInStock":true,"PackageSize":"1Kg","IsPmDelivery":true,"IsForCollection":true,"IsForDelivery":true,"IsForExpress":true,"ProductRestrictionMessage":null,"ProductWarningMessage":null,"CentreTag":{"TagContent":null,"TagLink":null,"FallbackText":null,"TagType":"None","MultibuyData":null,"TagContentText":null,"DualImageTagContent":null,"PromotionType":"NOT_SET","IsRegisteredRewardCardPromotion":false},"IsCentreTag":false,"ImageTag":{"TagContent":null,"TagLink":null,"FallbackText":"","TagType":"None","MultibuyData":null,"TagContentText":null,"DualImageTagContent":null,"PromotionType":"NOT_SET","IsRegisteredRewardCardPromotion":false},"HeaderTag":{"BackgroundColor":"#c20016","BorderColor":"#c20016","TextColor":"#fff","Content":"LOW PRICE","TagLink":null,"Promotion":"LowPrice"},"HasHeaderTag":true,"UnitWeightInGrams":0,"SupplyLimitMessage":"'Essentials Frozen Mixed Vegetables' has a supply limit of 31. The quantity in your cart has been reduced accordingly. To purchase a larger quantity, please contact us on 1800 000 610. Please note we do not supply trade orders.","SmallFormatDescription":"Essentials Frozen Mixed Vegetables","FullDescription":"Essentials Frozen Mixed Vegetables","IsAvailable":true,"InstoreIsAvailable":true,"IsPurchasable":true,"InstoreIsPurchasable":true,"AgeRestricted":false,"DisplayQuantity":1,"RichDescription":null,"HideWasSavedPrice":false,"SapCategories":null,"Brand":"Essentials","IsRestrictedByDeliveryMethod":false,"FooterTag":{"TagContent":"Lower Price Always","TagLink":null,"FallbackText":null,"TagType":"Html","MultibuyData":null,"TagContentText":null,"DualImageTagContent":null,"PromotionType":"NOT_SET","IsRegisteredRewardCardPromotion":false},"IsFooterEnabled":true,"Diagnostics":"9","IsBundle":false,"IsInFamily":false,"ChildProducts":null,"UrlOverride":null,"AdditionalAttributes":{"boxedcontents":null,"addedvitaminsandminerals":"False","sapdepartmentname":"GROCERIES","spf":null,"haircolour":null,"lifestyleanddietarystatement":"Vegetarian","sapcategoryname":"FROZEN MEALS","skintype":null,"importantinformation":null,"allergystatement":"Gluten Free","productdepthmm":null,"skincondition":null,"ophthalmologistapproved":null,"healthstarrating":"5","hairtype":null,"fragrance-free":null,"sapsegmentname":"MIXED VEGETABLES","suitablefor":null,"PiesProductDepartmentsjson":"[{\"Id\":\"1_ACA2FC2\",\"Description\":\"Freezer\"}]","piessubcategorynamesjson":"[\"Mixed Vegetables\",\"Gluten Free\"]","sapsegmentno":"12","productwidthmm":null,"contains":null,"sapsubcategoryname":"FREEZER - VEGETABLES","dermatologisttested":null,"wool_productpackaging":null,"dermatologicallyapproved":null,"specialsgroupid":null,"productimages":"93915.jpg,93915_2.jpg","productheightmm":null,"r&r_hidereviews":null,"microwavesafe":"False","paba-free":null,"lifestyleclaim":null,"alcoholfree":null,"tgawarning":null,"activeconstituents":null,"microwaveable":"False","soap-free":null,"countryoforigin":null,"isexcludedfromsubstitution":"False","productimagecount":"2","r&r_loggedinreviews":null,"anti-dandruff":null,"servingsize-total-nip":null,"tgahealthwarninglink":null,"allergenmaybepresent":null,"PiesProductDepartmentNodeId":"1_ACA2FC2","parabenfree":"False","vendorarticleid":null,"containsgluten":"False","containsnuts":"False","ingredients":"<div>Carrot, Zucchini, Corn, Green Beans, Potato</div>","colour":null,"manufacturer":null,"sapcategoryno":"97","storageinstructions":"Keep Frozen","tgawarnings":null,"piesdepartmentnamesjson":"[\"Freezer\"]","brand":"essentials","oilfree":null,"fragrance":null,"antibacterial":"False","non-comedogenic":null,"antiseptic":"False","bpafree":"False","vendorcostprice":null,"description":null,"sweatresistant":null,"sapsubcategoryno":"103","claims":null,"antioxidant":"False","phbalanced":null,"wool_dietaryclaim":null,"ophthalmologisttested":null,"sulfatefree":"False","servingsperpack-total-nip":null,"piescategorynamesjson":"[\"Frozen Vegetables\",\"Frozen Gluten Free\"]","nutritionalinformation":"{\"Name\":\"Nutritional Information\",\"Attributes\":[{\"Id\":702,\"Name\":\"Calcium Quantity Per 100g - Total - NIP\",\"Value\":\"26mg\",\"Description\":\"Calcium Quantity Per 100g - Total - NIP\",\"SortOrder\":71},{\"Id\":47,\"Name\":\"Calcium Quantity Per Serve - Total - NIP\",\"Value\":\"19.42mg\",\"Description\":\"Calcium Quantity Per Serve - Total - NIP\",\"SortOrder\":75},{\"Id\":705,\"Name\":\"Carbohydrate Quantity Per 100g - Total - NIP\",\"Value\":\"Approx.8.9g\",\"Description\":\"Carbohydrate Quantity Per 100g - Total - NIP\",\"SortOrder\":83},{\"Id\":706,\"Name\":\"Carbohydrate Quantity Per Serve - Total - NIP\",\"Value\":\"Approx.6.7g\",\"Description\":\"Carbohydrate Quantity Per Serve - Total - NIP\",\"SortOrder\":87},{\"Id\":191,\"Name\":\"Dietary Fibre Quantity Per 100g - Total - NIP\",\"Value\":\"Approx.3.6g\",\"Description\":\"Dietary Fibre Quantity Per 100g - Total - NIP\",\"SortOrder\":175},{\"Id\":120,\"Name\":\"Dietary Fibre Quantity Per Serve - Total - NIP\",\"Value\":\"Approx.2.7g\",\"Description\":\"Dietary Fibre Quantity Per Serve - Total - NIP\",\"SortOrder\":179},{\"Id\":759,\"Name\":\"Energy kJ Quantity Per 100g - Total - NIP\",\"Value\":\"Approx.254kJ\",\"Description\":\"Energy kJ Quantity Per 100g - Total - NIP\",\"SortOrder\":239},{\"Id\":760,\"Name\":\"Energy kJ Quantity Per Serve - Total - NIP\",\"Value\":\"Approx.190kJ\",\"Description\":\"Energy kJ Quantity Per Serve - Total - NIP\",\"SortOrder\":243},{\"Id\":253,\"Name\":\"Fat Saturated Quantity Per 100g - Total - NIP\",\"Value\":\"<1g\",\"Description\":\"Fat Saturated Quantity Per 100g - Total - NIP\",\"SortOrder\":251},{\"Id\":258,\"Name\":\"Fat Saturated Quantity Per Serve - Total - NIP\",\"Value\":\"<1g\",\"Description\":\"Fat Saturated Quantity Per Serve - Total - NIP\",\"SortOrder\":255},{\"Id\":764,\"Name\":\"Fat Total Quantity Per 100g - Total - NIP\",\"Value\":\"<1g\",\"Description\":\"Fat Total Quantity Per 100g - Total - NIP\",\"SortOrder\":263},{\"Id\":166,\"Name\":\"Fat Total Quantity Per 100g - ValueWord - NIP\",\"Value\":\"1\",\"Description\":\"Fat Total Quantity Per 100g - ValueWord - NIP\",\"SortOrder\":264},{\"Id\":264,\"Name\":\"Fat Total Quantity Per Serve - Total - NIP\",\"Value\":\"<1g\",\"Description\":\"Fat Total Quantity Per Serve - Total - NIP\",\"SortOrder\":267},{\"Id\":402,\"Name\":\"Monounsaturated Quantity Per 100g - Total - NIP\",\"Value\":\"0.02g\",\"Description\":\"Monounsaturated Quantity Per 100g - Total - NIP\",\"SortOrder\":479},{\"Id\":834,\"Name\":\"Monounsaturated Quantity Per Serve - Total - NIP\",\"Value\":\"0.01g\",\"Description\":\"Monounsaturated Quantity Per Serve - Total - NIP\",\"SortOrder\":483},{\"Id\":434,\"Name\":\"Polyunsaturated Quantity Per 100g - Total - NIP\",\"Value\":\"0.04g\",\"Description\":\"Polyunsaturated Quantity Per 100g - Total - NIP\",\"SortOrder\":563},{\"Id\":435,\"Name\":\"Polyunsaturated Quantity Per Serve - Total - NIP\",\"Value\":\"0.03g\",\"Description\":\"Polyunsaturated Quantity Per Serve - Total - NIP\",\"SortOrder\":567},{\"Id\":443,\"Name\":\"Potassium Quantity Per 100g - Total - NIP\",\"Value\":\"259mg\",\"Description\":\"Potassium Quantity Per 100g - Total - NIP\",\"SortOrder\":575},{\"Id\":493,\"Name\":\"Potassium Quantity Per Serve - Total - NIP\",\"Value\":\"193.49mg\",\"Description\":\"Potassium Quantity Per Serve - Total - NIP\",\"SortOrder\":579},{\"Id\":878,\"Name\":\"Protein Quantity Per 100g - Total - NIP\",\"Value\":\"Approx.2.6g\",\"Description\":\"Protein Quantity Per 100g - Total - NIP\",\"SortOrder\":587},{\"Id\":882,\"Name\":\"Protein Quantity Per Serve - Total - NIP\",\"Value\":\"Approx.2g\",\"Description\":\"Protein Quantity Per Serve - Total - NIP\",\"SortOrder\":591},{\"Id\":477,\"Name\":\"Serving Size - Total - NIP\",\"Value\":\"75g\",\"Description\":\"Serving Size - Total - NIP\",\"SortOrder\":607},{\"Id\":544,\"Name\":\"Servings Per Pack - Total - NIP\",\"Value\":\"13\",\"Description\":\"Servings Per Pack - Total - NIP\",\"SortOrder\":611},{\"Id\":491,\"Name\":\"Sodium Quantity Per 100g - Total - NIP\",\"Value\":\"Approx.10mg\",\"Description\":\"Sodium Quantity Per 100g - Total - NIP\",\"SortOrder\":623},{\"Id\":495,\"Name\":\"Sodium Quantity Per Serve - Total - NIP\",\"Value\":\"Approx.8mg\",\"Description\":\"Sodium Quantity Per Serve - Total - NIP\",\"SortOrder\":627},{\"Id\":907,\"Name\":\"Sugars Quantity Per 100g - Prefix - NIP\",\"Value\":\"Approx.\",\"Description\":\"Sugars Quantity Per 100g - Prefix - NIP\",\"SortOrder\":645},{\"Id\":908,\"Name\":\"Sugars Quantity Per 100g - SuffixUnits - NIP\",\"Value\":\"g\",\"Description\":\"Sugars Quantity Per 100g - SuffixUnits - NIP\",\"SortOrder\":646},{\"Id\":909,\"Name\":\"Sugars Quantity Per 100g - Total - NIP\",\"Value\":\"Approx.3.7g\",\"Description\":\"Sugars Quantity Per 100g - Total - NIP\",\"SortOrder\":647},{\"Id\":910,\"Name\":\"Sugars Quantity Per 100g - ValueWord - NIP\",\"Value\":\"3.7\",\"Description\":\"Sugars Quantity Per 100g - ValueWord - NIP\",\"SortOrder\":648},{\"Id\":504,\"Name\":\"Sugars Quantity Per Serve - Prefix - NIP\",\"Value\":\"Approx.\",\"Description\":\"Sugars Quantity Per Serve - Prefix - NIP\",\"SortOrder\":649},{\"Id\":911,\"Name\":\"Sugars Quantity Per Serve - SuffixUnits - NIP\",\"Value\":\"g\",\"Description\":\"Sugars Quantity Per Serve - SuffixUnits - NIP\",\"SortOrder\":650},{\"Id\":912,\"Name\":\"Sugars Quantity Per Serve - Total - NIP\",\"Value\":\"Approx.2.8g\",\"Description\":\"Sugars Quantity Per Serve - Total - NIP\",\"SortOrder\":651},{\"Id\":572,\"Name\":\"Sugars Quantity Per Serve - ValueWord - NIP\",\"Value\":\"2.8\",\"Description\":\"Sugars Quantity Per Serve - ValueWord - NIP\",\"SortOrder\":652},{\"Id\":593,\"Name\":\"Trans Quantity Per 100g - Total - NIP\",\"Value\":\"0.06mg\",\"Description\":\"Trans Quantity Per 100g - Total - NIP\",\"SortOrder\":667},{\"Id\":510,\"Name\":\"Trans Quantity Per Serve - Total - NIP\",\"Value\":\"0.04mg\",\"Description\":\"Trans Quantity Per Serve - Total - NIP\",\"SortOrder\":671}]}","ovencook":"False","vegetarian":"False","hypo-allergenic":null,"timer":null,"dermatologistrecommended":null,"sapdepartmentno":"5","allergencontains":null,"waterresistant":null,"friendlydisclaimer":null,"recyclableinformation":null,"usageinstructions":null,"freezable":"False"},"DetailsImagePaths":["https://cdn0.woolworths.media/content/wowproductimages/large/093915.jpg"],"Variety":"Mixed Vegetables","Rating":{"ReviewCount":645,"RatingCount":645,"RatingSum":2571,"OneStarCount":15,"TwoStarCount":34,"ThreeStarCount":132,"FourStarCount":228,"FiveStarCount":236,"Average":3.98604651162791,"OneStarPercentage":2.32558139534884,"TwoStarPercentage":5.27131782945736,"ThreeStarPercentage":20.4651162790698,"FourStarPercentage":35.3488372093023,"FiveStarPercentage":36.5891472868217},"HasProductSubs":false,"IsSponsoredAd":false,"AdID":null,"AdIndex":null,"IsMarketProduct":false,"IsGiftable":false,"Vendor":null,"Untraceable":false,"ThirdPartyProductInfo":null,"MarketFeatures":null,"MarketSpecifications":null,"SupplyLimitSource":"StockQuantity","Tags":[{"Content":{"Type":"Label","Position":"Top","Attributes":{"Text":"LOW PRICE","Promotion":"LowPrice","BackgroundColor":"#c20016","BorderColor":"#c20016","TextColor":"#fff"}},"TemplateId":null,"Metadata":null}],"IsPersonalisedByPurchaseHistory":false,"IsFromFacetedSearch":false,"NextAvailabilityDate":null,"NumberOfSubstitutes":0,"IsPrimaryVariant":false,"VariantGroupId":0,"HasVariants":false,"VariantTitle":null,"IsTobacco":false}],"Name":"Essentials Frozen Mixed Vegetables","DisplayName":"Essentials Frozen Mixed Vegetables 1kg"},{"Products":[{"TileID":0,"Stockcode":768558,"Barcode":"9300633450311","GtinFormat":13,"CupPrice":5.6,"InstoreCupPrice":5.6,"CupMeasure":"1KG","CupString":"$5.60 / 1KG","InstoreCupString":"$5.60 / 1KG","HasCupPrice":true,"InstoreHasCupPrice":true,"Price":2.8,"InstorePrice":2.8,"Name":"Woolworths Sliced Beans","DisplayName":"Woolworths Sliced Beans 500g","UrlFriendlyName":"woolworths-sliced-beans","Description":" Woolworths Sliced Beans 500G","SmallImageFile":"https://cdn0.woolworths.media/content/wowproductimages/small/768558.jpg","MediumImageFile":"https://cdn0.woolworths.media/content/wowproductimages/medium/768558.jpg","LargeImageFile":"https://cdn0.woolworths.media/content/wowproductimages/large/768558.jpg","IsNew":false,"IsHalfPrice":false,"IsOnlineOnly":false,"IsOnSpecial":false,"InstoreIsOnSpecial":false,"IsEdrSpecial":false,"SavingsAmount":0.0,"InstoreSavingsAmount":0.0,"WasPrice":2.8,"InstoreWasPrice":2.8,"QuantityInTrolley":0,"Unit":"Each","MinimumQuantity":1,"HasBeenBoughtBefore":false,"IsInTrolley":false,"Source":"Aisle.Freezer","SupplyLimit":15,"ProductLimit":50,"MaxSupplyLimitMessage":"15 item(s) left","IsRanged":true,"IsInStock":true,"PackageSize":"500G","IsPmDelivery":true,"IsForCollection":true,"IsForDelivery":true,"IsForExpress":true,"ProductRestrictionMessage":null,"ProductWarningMessage":null,"CentreTag":{"TagContent":null,"TagLink":null,"FallbackText":null,"TagType":"None","MultibuyData":null,"TagContentText":null,"DualImageTagContent":null,"PromotionType":"NOT_SET","IsRegisteredRewardCardPromotion":false},"IsCentreTag":false,"ImageTag":{"TagContent":null,"TagLink":null,"FallbackText":"","TagType":"None","MultibuyData":null,"TagContentText":null,"DualImageTagContent":null,"PromotionType":"NOT_SET","IsRegisteredRewardCardPromotion":false},"HeaderTag":{"BackgroundColor":"#c20016","BorderColor":"#c20016","TextColor":"#fff","Content":"LOW PRICE","TagLink":null,"Promotion":"LowPrice"},"HasHeaderTag":true,"UnitWeightInGrams":0,"SupplyLimitMessage":"'Woolworths Sliced Beans' has a supply limit of 15. The quantity in your cart has been reduced accordingly. To purchase a larger quantity, please contact us on 1800 000 610. Please note we do not supply trade orders.","SmallFormatDescription":"Woolworths Sliced Beans","FullDescription":"Woolworths Sliced Beans","IsAvailable":true,"InstoreIsAvailable":true,"IsPurchasable":true,"InstoreIsPurchasable":true,"AgeRestricted":false,"DisplayQuantity":1,"RichDescription":null,"HideWasSavedPrice":false,"SapCategories":null,"Brand":"Woolworths","IsRestrictedByDeliveryMethod":false,"FooterTag":{"TagContent":"Lower Price Always","TagLink":null,"FallbackText":null,"TagType":"Html","MultibuyData":null,"TagContentText":null,"DualImageTagContent":null,"PromotionType":"NOT_SET","IsRegisteredRewardCardPromotion":false},"IsFooterEnabled":true,"Diagnostics":"10","IsBundle":false,"IsInFamily":false,"ChildProducts":null,"UrlOverride":null,"AdditionalAttributes":{"boxedcontents":null,"addedvitaminsandminerals":"False","sapdepartmentname":"GROCERIES","spf":null,"haircolour":null,"lifestyleanddietarystatement":"Gluten Free","sapcategoryname":"FROZEN MEALS","skintype":null,"importantinformation":null,"allergystatement":"Lactose Free","productdepthmm":null,"skincondition":null,"ophthalmologistapproved":null,"healthstarrating":"5","hairtype":null,"fragrance-free":null,"sapsegmentname":"BEANS SLICED","suitablefor":null,"PiesProductDepartmentsjson":"[{\"Id\":\"1_ACA2FC2\",\"Description\":\"Freezer\"}]","piessubcategorynamesjson":"[\"Beans & Peas\",\"Gluten Free\"]","sapsegmentno":"3","productwidthmm":null,"contains":null,"sapsubcategoryname":"FREEZER - VEGETABLES","dermatologisttested":null,"wool_productpackaging":null,"dermatologicallyapproved":null,"specialsgroupid":null,"productimages":"768558.jpg,768558_2.jpg","productheightmm":null,"r&r_hidereviews":null,"microwavesafe":"False","paba-free":null,"lifestyleclaim":null,"alcoholfree":null,"tgawarning":null,"activeconstituents":null,"microwaveable":"False","soap-free":null,"countryoforigin":null,"isexcludedfromsubstitution":"False","productimagecount":"2","r&r_loggedinreviews":null,"anti-dandruff":null,"servingsize-total-nip":null,"tgahealthwarninglink":null,"allergenmaybepresent":null,"PiesProductDepartmentNodeId":"1_ACA2FC2","parabenfree":"False","vendorarticleid":null,"containsgluten":"False","containsnuts":"False","ingredients":"Sliced Green Beans (100%).","colour":null,"manufacturer":null,"sapcategoryno":"97","storageinstructions":"Keep frozen at or below -18°C.","tgawarnings":null,"piesdepartmentnamesjson":"[\"Freezer\"]","brand":"woolworths","oilfree":null,"fragrance":null,"antibacterial":"False","non-comedogenic":null,"antiseptic":"False","bpafree":"False","vendorcostprice":null,"description":"<p>- Snap frozen to lock in the goodness.</p><p>- Source of fibre for healthy digestion.</p>","sweatresistant":null,"sapsubcategoryno":"103","claims":null,"antioxidant":"False","phbalanced":null,"wool_dietaryclaim":null,"ophthalmologisttested":null,"sulfatefree":"False","servingsperpack-total-nip":null,"piescategorynamesjson":"[\"Frozen Vegetables\",\"Frozen Gluten Free\"]","nutritionalinformation":"{\"Name\":\"Nutritional Information\",\"Attributes\":[{\"Id\":702,\"Name\":\"Calcium Quantity Per 100g - Total - NIP\",\"Value\":\"44mg\",\"Description\":\"Calcium Quantity Per 100g - Total - NIP\",\"SortOrder\":71},{\"Id\":47,\"Name\":\"Calcium Quantity Per Serve - Total - NIP\",\"Value\":\"33mg\",\"Description\":\"Calcium Quantity Per Serve - Total - NIP\",\"SortOrder\":75},{\"Id\":705,\"Name\":\"Carbohydrate Quantity Per 100g - Total - NIP\",\"Value\":\"2.8g\",\"Description\":\"Carbohydrate Quantity Per 100g - Total - NIP\",\"SortOrder\":83},{\"Id\":706,\"Name\":\"Carbohydrate Quantity Per Serve - Total - NIP\",\"Value\":\"2.1g\",\"Description\":\"Carbohydrate Quantity Per Serve - Total - NIP\",\"SortOrder\":87},{\"Id\":191,\"Name\":\"Dietary Fibre Quantity Per 100g - Total - NIP\",\"Value\":\"3.1g\",\"Description\":\"Dietary Fibre Quantity Per 100g - Total - NIP\",\"SortOrder\":175},{\"Id\":120,\"Name\":\"Dietary Fibre Quantity Per Serve - Total - NIP\",\"Value\":\"2.3g\",\"Description\":\"Dietary Fibre Quantity Per Serve - Total - NIP\",\"SortOrder\":179},{\"Id\":759,\"Name\":\"Energy kJ Quantity Per 100g - Total - NIP\",\"Value\":\"100kJ\",\"Description\":\"Energy kJ Quantity Per 100g - Total - NIP\",\"SortOrder\":239},{\"Id\":760,\"Name\":\"Energy kJ Quantity Per Serve - Total - NIP\",\"Value\":\"75kJ\",\"Description\":\"Energy kJ Quantity Per Serve - Total - NIP\",\"SortOrder\":243},{\"Id\":253,\"Name\":\"Fat Saturated Quantity Per 100g - Total - NIP\",\"Value\":\"<1.0g\",\"Description\":\"Fat Saturated Quantity Per 100g - Total - NIP\",\"SortOrder\":251},{\"Id\":258,\"Name\":\"Fat Saturated Quantity Per Serve - Total - NIP\",\"Value\":\"<1.0g\",\"Description\":\"Fat Saturated Quantity Per Serve - Total - NIP\",\"SortOrder\":255},{\"Id\":764,\"Name\":\"Fat Total Quantity Per 100g - Total - NIP\",\"Value\":\"<1.0g\",\"Description\":\"Fat Total Quantity Per 100g - Total - NIP\",\"SortOrder\":263},{\"Id\":166,\"Name\":\"Fat Total Quantity Per 100g - ValueWord - NIP\",\"Value\":\"1.0\",\"Description\":\"Fat Total Quantity Per 100g - ValueWord - NIP\",\"SortOrder\":264},{\"Id\":264,\"Name\":\"Fat Total Quantity Per Serve - Total - NIP\",\"Value\":\"<1.0g\",\"Description\":\"Fat Total Quantity Per Serve - Total - NIP\",\"SortOrder\":267},{\"Id\":443,\"Name\":\"Potassium Quantity Per 100g - Total - NIP\",\"Value\":\"198mg\",\"Description\":\"Potassium Quantity Per 100g - Total - NIP\",\"SortOrder\":575},{\"Id\":493,\"Name\":\"Potassium Quantity Per Serve - Total - NIP\",\"Value\":\"148.5mg\",\"Description\":\"Potassium Quantity Per Serve - Total - NIP\",\"SortOrder\":579},{\"Id\":878,\"Name\":\"Protein Quantity Per 100g - Total - NIP\",\"Value\":\"1.4g\",\"Description\":\"Protein Quantity Per 100g - Total - NIP\",\"SortOrder\":587},{\"Id\":882,\"Name\":\"Protein Quantity Per Serve - Total - NIP\",\"Value\":\"1.0g\",\"Description\":\"Protein Quantity Per Serve - Total - NIP\",\"SortOrder\":591},{\"Id\":477,\"Name\":\"Serving Size - Total - NIP\",\"Value\":\"75g\",\"Description\":\"Serving Size - Total - NIP\",\"SortOrder\":607},{\"Id\":544,\"Name\":\"Servings Per Pack - Total - NIP\",\"Value\":\"6\",\"Description\":\"Servings Per Pack - Total - NIP\",\"SortOrder\":611},{\"Id\":491,\"Name\":\"Sodium Quantity Per 100g - Total - NIP\",\"Value\":\"<5mg\",\"Description\":\"Sodium Quantity Per 100g - Total - NIP\",\"SortOrder\":623},{\"Id\":495,\"Name\":\"Sodium Quantity Per Serve - Total - NIP\",\"Value\":\"<5mg\",\"Description\":\"Sodium Quantity Per Serve - Total - NIP\",\"SortOrder\":627},{\"Id\":907,\"Name\":\"Sugars Quantity Per 100g - Prefix - NIP\",\"Value\":null,\"Description\":\"Sugars Quantity Per 100g - Prefix - NIP\",\"SortOrder\":645},{\"Id\":908,\"Name\":\"Sugars Quantity Per 100g - SuffixUnits - NIP\",\"Value\":\"g\",\"Description\":\"Sugars Quantity Per 100g - SuffixUnits - NIP\",\"SortOrder\":646},{\"Id\":909,\"Name\":\"Sugars Quantity Per 100g - Total - NIP\",\"Value\":\"1.3g\",\"Description\":\"Sugars Quantity Per 100g - Total - NIP\",\"SortOrder\":647},{\"Id\":910,\"Name\":\"Sugars Quantity Per 100g - ValueWord - NIP\",\"Value\":\"1.3\",\"Description\":\"Sugars Quantity Per 100g - ValueWord - NIP\",\"SortOrder\":648},{\"Id\":504,\"Name\":\"Sugars Quantity Per Serve - Prefix - NIP\",\"Value\":null,\"Description\":\"Sugars Quantity Per Serve - Prefix - NIP\",\"SortOrder\":649},{\"Id\":911,\"Name\":\"Sugars Quantity Per Serve - SuffixUnits - NIP\",\"Value\":\"g\",\"Description\":\"Sugars Quantity Per Serve - SuffixUnits - NIP\",\"SortOrder\":650},{\"Id\":912,\"Name\":\"Sugars Quantity Per Serve - Total - NIP\",\"Value\":\"1.0g\",\"Description\":\"Sugars Quantity Per Serve - Total - NIP\",\"SortOrder\":651},{\"Id\":572,\"Name\":\"Sugars Quantity Per Serve - ValueWord - NIP\",\"Value\":\"1.0\",\"Description\":\"Sugars Quantity Per Serve - ValueWord - NIP\",\"SortOrder\":652}]}","ovencook":"False","vegetarian":"False","hypo-allergenic":null,"timer":null,"dermatologistrecommended":null,"sapdepartmentno":"5","allergencontains":null,"waterresistant":null,"friendlydisclaimer":null,"recyclableinformation":null,"usageinstructions":null,"freezable":"False"},"DetailsImagePaths":["https://cdn0.woolworths.media/content/wowproductimages/large/768558.jpg"],"Variety":"Beans","Rating":{"ReviewCount":394,"RatingCount":394,"RatingSum":1716,"OneStarCount":7,"TwoStarCount":6,"ThreeStarCount":33,"FourStarCount":142,"FiveStarCount":206,"Average":4.35532994923858,"OneStarPercentage":1.77664974619289,"TwoStarPercentage":1.52284263959391,"ThreeStarPercentage":8.3756345177665,"FourStarPercentage":36.0406091370558,"FiveStarPercentage":52.2842639593909},"HasProductSubs":false,"IsSponsoredAd":false,"AdID":null,"AdIndex":null,"IsMarketProduct":false,"IsGiftable":false,"Vendor":null,"Untraceable":false,"ThirdPartyProductInfo":null,"MarketFeatures":null,"MarketSpecifications":null,"SupplyLimitSource":"StockQuantity","Tags":[{"Content":{"Type":"Label","Position":"Top","Attributes":{"Text":"LOW PRICE","Promotion":"LowPrice","BackgroundColor":"#c20016","BorderColor":"#c20016","TextColor":"#fff"}},"TemplateId":null,"Metadata":null}],"IsPersonalisedByPurchaseHistory":false,"IsFromFacetedSearch":false,"NextAvailabilityDate":null,"NumberOfSubstitutes":0,"IsPrimaryVariant":false,"VariantGroupId":0,"HasVariants":false,"VariantTitle":null,"IsTobacco":false}],"Name":"Woolworths Sliced Beans","DisplayName":"Woolworths Sliced Beans 500g"},{"Products":[{"TileID":0,"Stockcode":536096,"Barcode":"9339687201259","GtinFormat":13,"CupPrice":7,"InstoreCupPrice":7,"CupMeasure":"1KG","CupString":"$7.00 / 1KG","InstoreCupString":"$7.00 / 1KG","HasCupPrice":true,"InstoreHasCupPrice":true,"Price":2.8,"InstorePrice":2.8,"Name":"Bell Farms Salted Edamame","DisplayName":"Bell Farms Salted Edamame 400g","UrlFriendlyName":"bell-farms-salted-edamame","Description":" Bell Farms Salted Edamame  400G","SmallImageFile":"https://cdn0.woolworths.media/content/wowproductimages/small/536096.jpg","MediumImageFile":"https://cdn0.woolworths.media/content/wowproductimages/medium/536096.jpg","LargeImageFile":"https://cdn0.woolworths.media/content/wowproductimages/large/536096.jpg","IsNew":false,"IsHalfPrice":false,"IsOnlineOnly":false,"IsOnSpecial":false,"InstoreIsOnSpecial":false,"IsEdrSpecial":false,"SavingsAmount":0.0,"InstoreSavingsAmount":0.0,"WasPrice":2.8,"InstoreWasPrice":2.8,"QuantityInTrolley":0,"Unit":"Each","MinimumQuantity":1,"HasBeenBoughtBefore":false,"IsInTrolley":false,"Source":"Aisle.Freezer","SupplyLimit":6,"ProductLimit":50,"MaxSupplyLimitMessage":"6 item(s) left","IsRanged":true,"IsInStock":true,"PackageSize":"400G","IsPmDelivery":true,"IsForCollection":true,"IsForDelivery":true,"IsForExpress":true,"ProductRestrictionMessage":null,"ProductWarningMessage":null,"CentreTag":{"TagContent":null,"TagLink":null,"FallbackText":null,"TagType":"None","MultibuyData":null,"TagContentText":null,"DualImageTagContent":null,"PromotionType":"NOT_SET","IsRegisteredRewardCardPromotion":false},"IsCentreTag":false,"ImageTag":{"TagContent":null,"TagLink":null,"FallbackText":"","TagType":"None","MultibuyData":null,"TagContentText":null,"DualImageTagContent":null,"PromotionType":"NOT_SET","IsRegisteredRewardCardPromotion":false},"HeaderTag":{"BackgroundColor":"#c20016","BorderColor":"#c20016","TextColor":"#fff","Content":"LOW PRICE","TagLink":null,"Promotion":"LowPrice"},"HasHeaderTag":true,"UnitWeightInGrams":0,"SupplyLimitMessage":"'Bell Farms Salted Edamame' has a supply limit of 6. The quantity in your cart has been reduced accordingly. To purchase a larger quantity, please contact us on 1800 000 610. Please note we do not supply trade orders.","SmallFormatDescription":"Bell Farms Salted Edamame ","FullDescription":"Bell Farms Salted Edamame ","IsAvailable":true,"InstoreIsAvailable":true,"IsPurchasable":true,"InstoreIsPurchasable":true,"AgeRestricted":false,"DisplayQuantity":1,"RichDescription":null,"HideWasSavedPrice":false,"SapCategories":null,"Brand":"Bell Farms","IsRestrictedByDeliveryMethod":false,"FooterTag":{"TagContent":"Lower Price Always","TagLink":null,"FallbackText":null,"TagType":"Html","MultibuyData":null,"TagContentText":null,"DualImageTagContent":null,"PromotionType":"NOT_SET","IsRegisteredRewardCardPromotion":false},"IsFooterEnabled":true,"Diagnostics":"11","IsBundle":false,"IsInFamily":false,"ChildProducts":null,"UrlOverride":null,"AdditionalAttributes":{"boxedcontents":null,"addedvitaminsandminerals":"False","sapdepartmentname":"GROCERIES","spf":null,"haircolour":null,"lifestyleanddietarystatement":"Vegetarian","sapcategoryname":"FROZEN MEALS","skintype":null,"importantinformation":null,"allergystatement":"Gluten Free","productdepthmm":null,"skincondition":null,"ophthalmologistapproved":null,"healthstarrating":"5","hairtype":null,"fragrance-free":null,"sapsegmentname":"BEANS BROAD","suitablefor":null,"PiesProductDepartmentsjson":"[{\"Id\":\"1_ACA2FC2\",\"Description\":\"Freezer\"}]","piessubcategorynamesjson":"[\"Beans & Peas\",\"Gluten Free\"]","sapsegmentno":"2","productwidthmm":null,"contains":null,"sapsubcategoryname":"FREEZER - VEGETABLES","dermatologisttested":null,"wool_productpackaging":null,"dermatologicallyapproved":null,"specialsgroupid":null,"productimages":"536096.jpg,536096_2.jpg","productheightmm":null,"r&r_hidereviews":null,"microwavesafe":"False","paba-free":null,"lifestyleclaim":null,"alcoholfree":null,"tgawarning":null,"activeconstituents":null,"microwaveable":"False","soap-free":null,"countryoforigin":null,"isexcludedfromsubstitution":"False","productimagecount":"2","r&r_loggedinreviews":null,"anti-dandruff":null,"servingsize-total-nip":null,"tgahealthwarninglink":null,"allergenmaybepresent":null,"PiesProductDepartmentNodeId":"1_ACA2FC2","parabenfree":"False","vendorarticleid":null,"containsgluten":"False","containsnuts":"False","ingredients":"Soybeans (99%), Salt","colour":null,"manufacturer":null,"sapcategoryno":"97","storageinstructions":"Keep Frozen","tgawarnings":null,"piesdepartmentnamesjson":"[\"Freezer\"]","brand":"bell farms","oilfree":null,"fragrance":null,"antibacterial":"False","non-comedogenic":null,"antiseptic":"False","bpafree":"False","vendorcostprice":null,"description":"Our salted Edamame Beans make for the perfect snack or side!","sweatresistant":null,"sapsubcategoryno":"103","claims":null,"antioxidant":"False","phbalanced":null,"wool_dietaryclaim":null,"ophthalmologisttested":null,"sulfatefree":"False","servingsperpack-total-nip":null,"piescategorynamesjson":"[\"Frozen Vegetables\",\"Frozen Gluten Free\"]","nutritionalinformation":"{\"Name\":\"Nutritional Information\",\"Attributes\":[{\"Id\":702,\"Name\":\"Calcium Quantity Per 100g - Total - NIP\",\"Value\":\"17mg\",\"Description\":\"Calcium Quantity Per 100g - Total - NIP\",\"SortOrder\":71},{\"Id\":47,\"Name\":\"Calcium Quantity Per Serve - Total - NIP\",\"Value\":\"12.75mg\",\"Description\":\"Calcium Quantity Per Serve - Total - NIP\",\"SortOrder\":75},{\"Id\":705,\"Name\":\"Carbohydrate Quantity Per 100g - Total - NIP\",\"Value\":\"Approx.3g\",\"Description\":\"Carbohydrate Quantity Per 100g - Total - NIP\",\"SortOrder\":83},{\"Id\":706,\"Name\":\"Carbohydrate Quantity Per Serve - Total - NIP\",\"Value\":\"Approx.2.3g\",\"Description\":\"Carbohydrate Quantity Per Serve - Total - NIP\",\"SortOrder\":87},{\"Id\":191,\"Name\":\"Dietary Fibre Quantity Per 100g - Total - NIP\",\"Value\":\"Approx.7.5g\",\"Description\":\"Dietary Fibre Quantity Per 100g - Total - NIP\",\"SortOrder\":175},{\"Id\":120,\"Name\":\"Dietary Fibre Quantity Per Serve - Total - NIP\",\"Value\":\"Approx.5.6g\",\"Description\":\"Dietary Fibre Quantity Per Serve - Total - NIP\",\"SortOrder\":179},{\"Id\":759,\"Name\":\"Energy kJ Quantity Per 100g - Total - NIP\",\"Value\":\"Approx.536kJ\",\"Description\":\"Energy kJ Quantity Per 100g - Total - NIP\",\"SortOrder\":239},{\"Id\":760,\"Name\":\"Energy kJ Quantity Per Serve - Total - NIP\",\"Value\":\"Approx.402kJ\",\"Description\":\"Energy kJ Quantity Per Serve - Total - NIP\",\"SortOrder\":243},{\"Id\":253,\"Name\":\"Fat Saturated Quantity Per 100g - Total - NIP\",\"Value\":\"<1g\",\"Description\":\"Fat Saturated Quantity Per 100g - Total - NIP\",\"SortOrder\":251},{\"Id\":258,\"Name\":\"Fat Saturated Quantity Per Serve - Total - NIP\",\"Value\":\"<1g\",\"Description\":\"Fat Saturated Quantity Per Serve - Total - NIP\",\"SortOrder\":255},{\"Id\":764,\"Name\":\"Fat Total Quantity Per 100g - Total - NIP\",\"Value\":\"Approx.5.7g\",\"Description\":\"Fat Total Quantity Per 100g - Total - NIP\",\"SortOrder\":263},{\"Id\":166,\"Name\":\"Fat Total Quantity Per 100g - ValueWord - NIP\",\"Value\":\"5.7\",\"Description\":\"Fat Total Quantity Per 100g - ValueWord - NIP\",\"SortOrder\":264},{\"Id\":264,\"Name\":\"Fat Total Quantity Per Serve - Total - NIP\",\"Value\":\"Approx.4.3g\",\"Description\":\"Fat Total Quantity Per Serve - Total - NIP\",\"SortOrder\":267},{\"Id\":443,\"Name\":\"Potassium Quantity Per 100g - Total - NIP\",\"Value\":\"250mg\",\"Description\":\"Potassium Quantity Per 100g - Total - NIP\",\"SortOrder\":575},{\"Id\":493,\"Name\":\"Potassium Quantity Per Serve - Total - NIP\",\"Value\":\"187.5mg\",\"Description\":\"Potassium Quantity Per Serve - Total - NIP\",\"SortOrder\":579},{\"Id\":878,\"Name\":\"Protein Quantity Per 100g - Total - NIP\",\"Value\":\"Approx.12.6g\",\"Description\":\"Protein Quantity Per 100g - Total - NIP\",\"SortOrder\":587},{\"Id\":882,\"Name\":\"Protein Quantity Per Serve - Total - NIP\",\"Value\":\"Approx.9.5g\",\"Description\":\"Protein Quantity Per Serve - Total - NIP\",\"SortOrder\":591},{\"Id\":477,\"Name\":\"Serving Size - Total - NIP\",\"Value\":\"75g\",\"Description\":\"Serving Size - Total - NIP\",\"SortOrder\":607},{\"Id\":544,\"Name\":\"Servings Per Pack - Total - NIP\",\"Value\":\"5\",\"Description\":\"Servings Per Pack - Total - NIP\",\"SortOrder\":611},{\"Id\":491,\"Name\":\"Sodium Quantity Per 100g - Total - NIP\",\"Value\":\"Approx.101mg\",\"Description\":\"Sodium Quantity Per 100g - Total - NIP\",\"SortOrder\":623},{\"Id\":495,\"Name\":\"Sodium Quantity Per Serve - Total - NIP\",\"Value\":\"Approx.76mg\",\"Description\":\"Sodium Quantity Per Serve - Total - NIP\",\"SortOrder\":627},{\"Id\":907,\"Name\":\"Sugars Quantity Per 100g - Prefix - NIP\",\"Value\":\"<\",\"Description\":\"Sugars Quantity Per 100g - Prefix - NIP\",\"SortOrder\":645},{\"Id\":908,\"Name\":\"Sugars Quantity Per 100g - SuffixUnits - NIP\",\"Value\":\"g\",\"Description\":\"Sugars Quantity Per 100g - SuffixUnits - NIP\",\"SortOrder\":646},{\"Id\":909,\"Name\":\"Sugars Quantity Per 100g - Total - NIP\",\"Value\":\"<1g\",\"Description\":\"Sugars Quantity Per 100g - Total - NIP\",\"SortOrder\":647},{\"Id\":910,\"Name\":\"Sugars Quantity Per 100g - ValueWord - NIP\",\"Value\":\"1\",\"Description\":\"Sugars Quantity Per 100g - ValueWord - NIP\",\"SortOrder\":648},{\"Id\":504,\"Name\":\"Sugars Quantity Per Serve - Prefix - NIP\",\"Value\":\"<\",\"Description\":\"Sugars Quantity Per Serve - Prefix - NIP\",\"SortOrder\":649},{\"Id\":911,\"Name\":\"Sugars Quantity Per Serve - SuffixUnits - NIP\",\"Value\":\"g\",\"Description\":\"Sugars Quantity Per Serve - SuffixUnits - NIP\",\"SortOrder\":650},{\"Id\":912,\"Name\":\"Sugars Quantity Per Serve - Total - NIP\",\"Value\":\"<1g\",\"Description\":\"Sugars Quantity Per Serve - Total - NIP\",\"SortOrder\":651},{\"Id\":572,\"Name\":\"Sugars Quantity Per Serve - ValueWord - NIP\",\"Value\":\"1\",\"Description\":\"Sugars Quantity Per Serve - ValueWord - NIP\",\"SortOrder\":652},{\"Id\":593,\"Name\":\"Trans Quantity Per 100g - Total - NIP\",\"Value\":\"<0.1g\",\"Description\":\"Trans Quantity Per 100g - Total - NIP\",\"SortOrder\":667},{\"Id\":510,\"Name\":\"Trans Quantity Per Serve - Total - NIP\",\"Value\":\"<0.1g\",\"Description\":\"Trans Quantity Per Serve - Total - NIP\",\"SortOrder\":671}]}","ovencook":"False","vegetarian":"False","hypo-allergenic":null,"timer":null,"dermatologistrecommended":null,"sapdepartmentno":"5","allergencontains":"Soy","waterresistant":null,"friendlydisclaimer":null,"recyclableinformation":null,"usageinstructions":null,"freezable":"False"},"DetailsImagePaths":["https://cdn0.woolworths.media/content/wowproductimages/large/536096.jpg"],"Variety":null,"Rating":{"ReviewCount":390,"RatingCount":390,"RatingSum":1480,"OneStarCount":27,"TwoStarCount":30,"ThreeStarCount":62,"FourStarCount":148,"FiveStarCount":123,"Average":3.79487179487179,"OneStarPercentage":6.92307692307692,"TwoStarPercentage":7.69230769230769,"ThreeStarPercentage":15.8974358974359,"FourStarPercentage":37.9487179487179,"FiveStarPercentage":31.5384615384615},"HasProductSubs":false,"IsSponsoredAd":false,"AdID":null,"AdIndex":null,"IsMarketProduct":false,"IsGiftable":false,"Vendor":null,"Untraceable":false,"ThirdPartyProductInfo":null,"MarketFeatures":null,"MarketSpecifications":null,"SupplyLimitSource":"StockQuantity","Tags":[{"Content":{"Type":"Label","Position":"Top","Attributes":{"Text":"LOW PRICE","Promotion":"LowPrice","BackgroundColor":"#c20016","BorderColor":"#c20016","TextColor":"#fff"}},"TemplateId":null,"Metadata":null}],"IsPersonalisedByPurchaseHistory":false,"IsFromFacetedSearch":false,"NextAvailabilityDate":null,"NumberOfSubstitutes":0,"IsPrimaryVariant":false,"VariantGroupId":0,"HasVariants":false,"VariantTitle":null,"IsTobacco":false}],"Name":"Bell Farms Salted Edamame","DisplayName":"Bell Farms Salted Edamame 400g"},{"Products":[{"TileID":0,"Stockcode":96844,"Barcode":"9300633968441","GtinFormat":13,"CupPrice":null,"InstoreCupPrice":null,"CupMeasure":"1KG","CupString":"","InstoreCupString":"","HasCupPrice":false,"InstoreHasCupPrice":false,"Price":null,"InstorePrice":null,"Name":"Essentials Frozen Cut Green Beans","DisplayName":"Essentials Frozen Cut Green Beans 1kg","UrlFriendlyName":"essentials-frozen-cut-green-beans","Description":" Essentials Frozen Cut Green<br>Beans 1Kg","SmallImageFile":"https://cdn0.woolworths.media/content/wowproductimages/small/096844.jpg","MediumImageFile":"https://cdn0.woolworths.media/content/wowproductimages/medium/096844.jpg","LargeImageFile":"https://cdn0.woolworths.media/content/wowproductimages/large/096844.jpg","IsNew":false,"IsHalfPrice":false,"IsOnlineOnly":false,"IsOnSpecial":false,"InstoreIsOnSpecial":false,"IsEdrSpecial":false,"SavingsAmount":null,"InstoreSavingsAmount":null,"WasPrice":2.8,"InstoreWasPrice":2.8,"QuantityInTrolley":0,"Unit":"Each","MinimumQuantity":1,"HasBeenBoughtBefore":false,"IsInTrolley":false,"Source":"Aisle.Freezer","SupplyLimit":50,"ProductLimit":50,"MaxSupplyLimitMessage":"50 item limit","IsRanged":true,"IsInStock":false,"PackageSize":"1Kg","IsPmDelivery":true,"IsForCollection":true,"IsForDelivery":true,"IsForExpress":true,"ProductRestrictionMessage":null,"ProductWarningMessage":null,"CentreTag":{"TagContent":null,"TagLink":null,"FallbackText":null,"TagType":"None","MultibuyData":null,"TagContentText":null,"DualImageTagContent":null,"PromotionType":"NOT_SET","IsRegisteredRewardCardPromotion":false},"IsCentreTag":false,"ImageTag":{"TagContent":null,"TagLink":null,"FallbackText":null,"TagType":"None","MultibuyData":null,"TagContentText":null,"DualImageTagContent":null,"PromotionType":"NOT_SET","IsRegisteredRewardCardPromotion":false},"HeaderTag":null,"HasHeaderTag":false,"UnitWeightInGrams":0,"SupplyLimitMessage":"'Essentials Frozen Cut Green Beans' has a supply limit of 50. The quantity in your cart has been reduced accordingly. To purchase a larger quantity, please contact us on 1800 000 610. Please note we do not supply trade orders.","SmallFormatDescription":"Essentials Frozen Cut Green Beans","FullDescription":"Essentials Frozen Cut Green Beans","IsAvailable":false,"InstoreIsAvailable":false,"IsPurchasable":false,"InstoreIsPurchasable":false,"AgeRestricted":false,"DisplayQuantity":1,"RichDescription":null,"HideWasSavedPrice":true,"SapCategories":null,"Brand":"Essentials","IsRestrictedByDeliveryMethod":false,"FooterTag":{"TagContent":null,"TagLink":null,"FallbackText":null,"TagType":"None","MultibuyData":null,"TagContentText":null,"DualImageTagContent":null,"PromotionType":"NOT_SET","IsRegisteredRewardCardPromotion":false},"IsFooterEnabled":true,"Diagnostics":"12","IsBundle":false,"IsInFamily":false,"ChildProducts":null,"UrlOverride":null,"AdditionalAttributes":{"boxedcontents":null,"addedvitaminsandminerals":"False","sapdepartmentname":"GROCERIES","spf":null,"haircolour":null,"lifestyleanddietarystatement":"Source of Fibre","sapcategoryname":"FROZEN MEALS","skintype":null,"importantinformation":null,"allergystatement":"Egg Free","productdepthmm":null,"skincondition":null,"ophthalmologistapproved":null,"healthstarrating":"5","hairtype":null,"fragrance-free":null,"sapsegmentname":"BEANS SLICED","suitablefor":null,"PiesProductDepartmentsjson":"[{\"Id\":\"1_ACA2FC2\",\"Description\":\"Freezer\"}]","piessubcategorynamesjson":"[\"Beans & Peas\",\"Gluten Free\"]","sapsegmentno":"3","productwidthmm":null,"contains":null,"sapsubcategoryname":"FREEZER - VEGETABLES","dermatologisttested":null,"wool_productpackaging":null,"dermatologicallyapproved":null,"specialsgroupid":null,"productimages":"96844.jpg,96844_2.jpg","productheightmm":null,"r&r_hidereviews":null,"microwavesafe":"False","paba-free":null,"lifestyleclaim":null,"alcoholfree":null,"tgawarning":null,"activeconstituents":null,"microwaveable":"False","soap-free":null,"countryoforigin":null,"isexcludedfromsubstitution":"False","productimagecount":"2","r&r_loggedinreviews":null,"anti-dandruff":null,"servingsize-total-nip":null,"tgahealthwarninglink":null,"allergenmaybepresent":"Soybean","PiesProductDepartmentNodeId":"1_ACA2FC2","parabenfree":"False","vendorarticleid":null,"containsgluten":"False","containsnuts":"False","ingredients":"Cut Green Beans","colour":null,"manufacturer":null,"sapcategoryno":"97","storageinstructions":"Keep Frozen","tgawarnings":null,"piesdepartmentnamesjson":"[\"Freezer\"]","brand":"essentials","oilfree":null,"fragrance":null,"antibacterial":"False","non-comedogenic":null,"antiseptic":"False","bpafree":"False","vendorcostprice":null,"description":"One serve of vegetables is equal to approximately 75g. Australian Dietary Guidelines recommend 5 serves of vegetables per day.","sweatresistant":null,"sapsubcategoryno":"103","claims":null,"antioxidant":"False","phbalanced":null,"wool_dietaryclaim":null,"ophthalmologisttested":null,"sulfatefree":"False","servingsperpack-total-nip":null,"piescategorynamesjson":"[\"Frozen Vegetables\",\"Frozen Gluten Free\"]","nutritionalinformation":"{\"Name\":\"Nutritional Information\",\"Attributes\":[{\"Id\":702,\"Name\":\"Calcium Quantity Per 100g - Total - NIP\",\"Value\":\"44mg\",\"Description\":\"Calcium Quantity Per 100g - Total - NIP\",\"SortOrder\":71},{\"Id\":47,\"Name\":\"Calcium Quantity Per Serve - Total - NIP\",\"Value\":\"32.9mg\",\"Description\":\"Calcium Quantity Per Serve - Total - NIP\",\"SortOrder\":75},{\"Id\":705,\"Name\":\"Carbohydrate Quantity Per 100g - Total - NIP\",\"Value\":\"Approx. 3.9g\",\"Description\":\"Carbohydrate Quantity Per 100g - Total - NIP\",\"SortOrder\":83},{\"Id\":706,\"Name\":\"Carbohydrate Quantity Per Serve - Total - NIP\",\"Value\":\"Approx. 2.9g\",\"Description\":\"Carbohydrate Quantity Per Serve - Total - NIP\",\"SortOrder\":87},{\"Id\":191,\"Name\":\"Dietary Fibre Quantity Per 100g - Total - NIP\",\"Value\":\"Approx. 3.4g\",\"Description\":\"Dietary Fibre Quantity Per 100g - Total - NIP\",\"SortOrder\":175},{\"Id\":120,\"Name\":\"Dietary Fibre Quantity Per Serve - Total - NIP\",\"Value\":\"Approx. 2.6g\",\"Description\":\"Dietary Fibre Quantity Per Serve - Total - NIP\",\"SortOrder\":179},{\"Id\":759,\"Name\":\"Energy kJ Quantity Per 100g - Total - NIP\",\"Value\":\"Approx. 139kJ\",\"Description\":\"Energy kJ Quantity Per 100g - Total - NIP\",\"SortOrder\":239},{\"Id\":760,\"Name\":\"Energy kJ Quantity Per Serve - Total - NIP\",\"Value\":\"Approx. 104kJ\",\"Description\":\"Energy kJ Quantity Per Serve - Total - NIP\",\"SortOrder\":243},{\"Id\":253,\"Name\":\"Fat Saturated Quantity Per 100g - Total - NIP\",\"Value\":\"<1g\",\"Description\":\"Fat Saturated Quantity Per 100g - Total - NIP\",\"SortOrder\":251},{\"Id\":258,\"Name\":\"Fat Saturated Quantity Per Serve - Total - NIP\",\"Value\":\"<1g\",\"Description\":\"Fat Saturated Quantity Per Serve - Total - NIP\",\"SortOrder\":255},{\"Id\":764,\"Name\":\"Fat Total Quantity Per 100g - Total - NIP\",\"Value\":\"<1g\",\"Description\":\"Fat Total Quantity Per 100g - Total - NIP\",\"SortOrder\":263},{\"Id\":166,\"Name\":\"Fat Total Quantity Per 100g - ValueWord - NIP\",\"Value\":\"1\",\"Description\":\"Fat Total Quantity Per 100g - ValueWord - NIP\",\"SortOrder\":264},{\"Id\":264,\"Name\":\"Fat Total Quantity Per Serve - Total - NIP\",\"Value\":\"<1g\",\"Description\":\"Fat Total Quantity Per Serve - Total - NIP\",\"SortOrder\":267},{\"Id\":443,\"Name\":\"Potassium Quantity Per 100g - Total - NIP\",\"Value\":\"198mg\",\"Description\":\"Potassium Quantity Per 100g - Total - NIP\",\"SortOrder\":575},{\"Id\":493,\"Name\":\"Potassium Quantity Per Serve - Total - NIP\",\"Value\":\"148.05mg\",\"Description\":\"Potassium Quantity Per Serve - Total - NIP\",\"SortOrder\":579},{\"Id\":878,\"Name\":\"Protein Quantity Per 100g - Total - NIP\",\"Value\":\"Approx. 2g\",\"Description\":\"Protein Quantity Per 100g - Total - NIP\",\"SortOrder\":587},{\"Id\":882,\"Name\":\"Protein Quantity Per Serve - Total - NIP\",\"Value\":\"Approx. 1.5g\",\"Description\":\"Protein Quantity Per Serve - Total - NIP\",\"SortOrder\":591},{\"Id\":477,\"Name\":\"Serving Size - Total - NIP\",\"Value\":\"75g\",\"Description\":\"Serving Size - Total - NIP\",\"SortOrder\":607},{\"Id\":544,\"Name\":\"Servings Per Pack - Total - NIP\",\"Value\":\"13.3\",\"Description\":\"Servings Per Pack - Total - NIP\",\"SortOrder\":611},{\"Id\":491,\"Name\":\"Sodium Quantity Per 100g - Total - NIP\",\"Value\":\"Approx. 5mg\",\"Description\":\"Sodium Quantity Per 100g - Total - NIP\",\"SortOrder\":623},{\"Id\":495,\"Name\":\"Sodium Quantity Per Serve - Total - NIP\",\"Value\":\"Approx. 5mg\",\"Description\":\"Sodium Quantity Per Serve - Total - NIP\",\"SortOrder\":627},{\"Id\":907,\"Name\":\"Sugars Quantity Per 100g - Prefix - NIP\",\"Value\":\"Approx. \",\"Description\":\"Sugars Quantity Per 100g - Prefix - NIP\",\"SortOrder\":645},{\"Id\":908,\"Name\":\"Sugars Quantity Per 100g - SuffixUnits - NIP\",\"Value\":\"g\",\"Description\":\"Sugars Quantity Per 100g - SuffixUnits - NIP\",\"SortOrder\":646},{\"Id\":909,\"Name\":\"Sugars Quantity Per 100g - Total - NIP\",\"Value\":\"Approx. 1.5g\",\"Description\":\"Sugars Quantity Per 100g - Total - NIP\",\"SortOrder\":647},{\"Id\":910,\"Name\":\"Sugars Quantity Per 100g - ValueWord - NIP\",\"Value\":\"1.5\",\"Description\":\"Sugars Quantity Per 100g - ValueWord - NIP\",\"SortOrder\":648},{\"Id\":504,\"Name\":\"Sugars Quantity Per Serve - Prefix - NIP\",\"Value\":\"Approx. \",\"Description\":\"Sugars Quantity Per Serve - Prefix - NIP\",\"SortOrder\":649},{\"Id\":911,\"Name\":\"Sugars Quantity Per Serve - SuffixUnits - NIP\",\"Value\":\"g\",\"Description\":\"Sugars Quantity Per Serve - SuffixUnits - NIP\",\"SortOrder\":650},{\"Id\":912,\"Name\":\"Sugars Quantity Per Serve - Total - NIP\",\"Value\":\"Approx. 1.1g\",\"Description\":\"Sugars Quantity Per Serve - Total - NIP\",\"SortOrder\":651},{\"Id\":572,\"Name\":\"Sugars Quantity Per Serve - ValueWord - NIP\",\"Value\":\"1.1\",\"Description\":\"Sugars Quantity Per Serve - ValueWord - NIP\",\"SortOrder\":652}]}","ovencook":"False","vegetarian":"False","hypo-allergenic":null,"timer":null,"dermatologistrecommended":null,"sapdepartmentno":"5","allergencontains":null,"waterresistant":null,"friendlydisclaimer":null,"recyclableinformation":null,"usageinstructions":null,"freezable":"False"},"DetailsImagePaths":["https://cdn0.woolworths.media/content/wowproductimages/large/096844.jpg"],"Variety":"Green Beans","Rating":{"ReviewCount":558,"RatingCount":558,"RatingSum":2178,"OneStarCount":19,"TwoStarCount":29,"ThreeStarCount":117,"FourStarCount":215,"FiveStarCount":178,"Average":3.90322580645161,"OneStarPercentage":3.40501792114695,"TwoStarPercentage":5.19713261648746,"ThreeStarPercentage":20.9677419354839,"FourStarPercentage":38.5304659498208,"FiveStarPercentage":31.8996415770609},"HasProductSubs":false,"IsSponsoredAd":false,"AdID":null,"AdIndex":null,"IsMarketProduct":false,"IsGiftable":false,"Vendor":null,"Untraceable":false,"ThirdPartyProductInfo":null,"MarketFeatures":null,"MarketSpecifications":null,"SupplyLimitSource":"ProductLimit","Tags":null,"IsPersonalisedByPurchaseHistory":false,"IsFromFacetedSearch":false,"NextAvailabilityDate":null,"NumberOfSubstitutes":6,"IsPrimaryVariant":false,"VariantGroupId":0,"HasVariants":false,"VariantTitle":null,"IsTobacco":false}],"Name":"Essentials Frozen Cut Green Beans","DisplayName":"Essentials Frozen Cut Green Beans 1kg"},{"Products":[{"TileID":0,"Stockcode":40920,"Barcode":"9311361000143","GtinFormat":13,"CupPrice":0.97,"InstoreCupPrice":0.97,"CupMeasure":"100G","CupString":"$0.97 / 100G","InstoreCupString":"$0.97 / 100G","HasCupPrice":true,"InstoreHasCupPrice":true,"Price":2.9,"InstorePrice":2.9,"Name":"Trang's Pastry Spring Roll Sheets","DisplayName":"Trang's Pastry Spring Roll Sheets 300g","UrlFriendlyName":"trang-s-pastry-spring-roll-sheets","Description":" Trang's Pastry Spring Roll<br>Sheets 300G","SmallImageFile":"https://cdn0.woolworths.media/content/wowproductimages/small/040920.jpg","MediumImageFile":"https://cdn0.woolworths.media/content/wowproductimages/medium/040920.jpg","LargeImageFile":"https://cdn0.woolworths.media/content/wowproductimages/large/040920.jpg","IsNew":false,"IsHalfPrice":false,"IsOnlineOnly":false,"IsOnSpecial":false,"InstoreIsOnSpecial":false,"IsEdrSpecial":false,"SavingsAmount":0.0,"InstoreSavingsAmount":0.0,"WasPrice":2.9,"InstoreWasPrice":2.9,"QuantityInTrolley":0,"Unit":"Each","MinimumQuantity":1,"HasBeenBoughtBefore":false,"IsInTrolley":false,"Source":"Aisle.Freezer","SupplyLimit":35,"ProductLimit":50,"MaxSupplyLimitMessage":"35 item(s) left","IsRanged":true,"IsInStock":true,"PackageSize":"300G","IsPmDelivery":true,"IsForCollection":true,"IsForDelivery":true,"IsForExpress":true,"ProductRestrictionMessage":null,"ProductWarningMessage":null,"CentreTag":{"TagContent":null,"TagLink":null,"FallbackText":null,"TagType":"None","MultibuyData":null,"TagContentText":null,"DualImageTagContent":null,"PromotionType":"NOT_SET","IsRegisteredRewardCardPromotion":false},"IsCentreTag":false,"ImageTag":{"TagContent":null,"TagLink":null,"FallbackText":"","TagType":"None","MultibuyData":null,"TagContentText":null,"DualImageTagContent":null,"PromotionType":"NOT_SET","IsRegisteredRewardCardPromotion":false},"HeaderTag":{"BackgroundColor":"#c20016","BorderColor":"#c20016","TextColor":"#fff","Content":"LOW PRICE","TagLink":null,"Promotion":"LowPrice"},"HasHeaderTag":true,"UnitWeightInGrams":0,"SupplyLimitMessage":"'Trang's Pastry Spring Roll Sheets' has a supply limit of 35. The quantity in your cart has been reduced accordingly. To purchase a larger quantity, please contact us on 1800 000 610. Please note we do not supply trade orders.","SmallFormatDescription":"Trang's Pastry Spring Roll Sheets","FullDescription":"Trang's Pastry Spring Roll Sheets","IsAvailable":true,"InstoreIsAvailable":true,"IsPurchasable":true,"InstoreIsPurchasable":true,"AgeRestricted":false,"DisplayQuantity":1,"RichDescription":null,"HideWasSavedPrice":false,"SapCategories":null,"Brand":"Trang's","IsRestrictedByDeliveryMethod":false,"FooterTag":{"TagContent":"Lower Price Always","TagLink":null,"FallbackText":null,"TagType":"Html","MultibuyData":null,"TagContentText":null,"DualImageTagContent":null,"PromotionType":"NOT_SET","IsRegisteredRewardCardPromotion":false},"IsFooterEnabled":true,"Diagnostics":"13","IsBundle":false,"IsInFamily":false,"ChildProducts":null,"UrlOverride":null,"AdditionalAttributes":{"boxedcontents":null,"addedvitaminsandminerals":"False","sapdepartmentname":"GROCERIES","spf":null,"haircolour":null,"lifestyleanddietarystatement":"Low Saturated Fat","sapcategoryname":"FREEZER - DESSERTS & PASTRY","skintype":null,"importantinformation":null,"allergystatement":"Egg Free","productdepthmm":null,"skincondition":null,"ophthalmologistapproved":null,"healthstarrating":null,"hairtype":null,"fragrance-free":null,"sapsegmentname":"PASTRY - OTHER","suitablefor":null,"PiesProductDepartmentsjson":"[{\"Id\":\"1_ACA2FC2\",\"Description\":\"Freezer\"}]","piessubcategorynamesjson":"[\"Pastry Sheets\",\"Pastry Sheets\"]","sapsegmentno":"7","productwidthmm":null,"contains":null,"sapsubcategoryname":"FREEZER - DESSERTS & PASTRY","dermatologisttested":null,"wool_productpackaging":null,"dermatologicallyapproved":null,"specialsgroupid":null,"productimages":"40920.jpg,40920_2.jpg","productheightmm":null,"r&r_hidereviews":null,"microwavesafe":"False","paba-free":null,"lifestyleclaim":"Halal","alcoholfree":null,"tgawarning":null,"activeconstituents":null,"microwaveable":"False","soap-free":null,"countryoforigin":null,"isexcludedfromsubstitution":"False","productimagecount":"2","r&r_loggedinreviews":null,"anti-dandruff":null,"servingsize-total-nip":null,"tgahealthwarninglink":null,"allergenmaybepresent":null,"PiesProductDepartmentNodeId":"1_ACA2FC2","parabenfree":"False","vendorarticleid":null,"containsgluten":"False","containsnuts":"False","ingredients":"Wheat Flour, Water, Vegetable Oil, Salt.","colour":null,"manufacturer":null,"sapcategoryno":"98","storageinstructions":null,"tgawarnings":null,"piesdepartmentnamesjson":"[\"Freezer\"]","brand":"trang's","oilfree":null,"fragrance":null,"antibacterial":"False","non-comedogenic":null,"antiseptic":"False","bpafree":"False","vendorcostprice":null,"description":"Trang's Oriental House Spring Roll Pastry.","sweatresistant":null,"sapsubcategoryno":"12","claims":null,"antioxidant":"False","phbalanced":null,"wool_dietaryclaim":null,"ophthalmologisttested":null,"sulfatefree":"False","servingsperpack-total-nip":null,"piescategorynamesjson":"[\"Frozen Desserts\",\"Frozen Party Food\"]","nutritionalinformation":"{\"Name\":\"Nutritional Information\",\"Attributes\":[{\"Id\":702,\"Name\":\"Calcium Quantity Per 100g - Total - NIP\",\"Value\":\"15mg\",\"Description\":\"Calcium Quantity Per 100g - Total - NIP\",\"SortOrder\":71},{\"Id\":47,\"Name\":\"Calcium Quantity Per Serve - Total - NIP\",\"Value\":\"7.5mg\",\"Description\":\"Calcium Quantity Per Serve - Total - NIP\",\"SortOrder\":75},{\"Id\":705,\"Name\":\"Carbohydrate Quantity Per 100g - Total - NIP\",\"Value\":\"5.4g\",\"Description\":\"Carbohydrate Quantity Per 100g - Total - NIP\",\"SortOrder\":83},{\"Id\":706,\"Name\":\"Carbohydrate Quantity Per Serve - Total - NIP\",\"Value\":\"28.7g\",\"Description\":\"Carbohydrate Quantity Per Serve - Total - NIP\",\"SortOrder\":87},{\"Id\":714,\"Name\":\"Cholesterol Quantity Per 100g - Total - NIP\",\"Value\":\"35mg\",\"Description\":\"Cholesterol Quantity Per 100g - Total - NIP\",\"SortOrder\":111},{\"Id\":125,\"Name\":\"Cholesterol Quantity Per Serve - Total - NIP\",\"Value\":\"17.5mg\",\"Description\":\"Cholesterol Quantity Per Serve - Total - NIP\",\"SortOrder\":115},{\"Id\":191,\"Name\":\"Dietary Fibre Quantity Per 100g - Total - NIP\",\"Value\":\"2.7g\",\"Description\":\"Dietary Fibre Quantity Per 100g - Total - NIP\",\"SortOrder\":175},{\"Id\":120,\"Name\":\"Dietary Fibre Quantity Per Serve - Total - NIP\",\"Value\":\"1.4g\",\"Description\":\"Dietary Fibre Quantity Per Serve - Total - NIP\",\"SortOrder\":179},{\"Id\":759,\"Name\":\"Energy kJ Quantity Per 100g - Total - NIP\",\"Value\":\"1300kJ\",\"Description\":\"Energy kJ Quantity Per 100g - Total - NIP\",\"SortOrder\":239},{\"Id\":760,\"Name\":\"Energy kJ Quantity Per Serve - Total - NIP\",\"Value\":\"650kJ\",\"Description\":\"Energy kJ Quantity Per Serve - Total - NIP\",\"SortOrder\":243},{\"Id\":253,\"Name\":\"Fat Saturated Quantity Per 100g - Total - NIP\",\"Value\":\"0.8g\",\"Description\":\"Fat Saturated Quantity Per 100g - Total - NIP\",\"SortOrder\":251},{\"Id\":258,\"Name\":\"Fat Saturated Quantity Per Serve - Total - NIP\",\"Value\":\"0.4g\",\"Description\":\"Fat Saturated Quantity Per Serve - Total - NIP\",\"SortOrder\":255},{\"Id\":764,\"Name\":\"Fat Total Quantity Per 100g - Total - NIP\",\"Value\":\"5.1g\",\"Description\":\"Fat Total Quantity Per 100g - Total - NIP\",\"SortOrder\":263},{\"Id\":166,\"Name\":\"Fat Total Quantity Per 100g - ValueWord - NIP\",\"Value\":\"5.1\",\"Description\":\"Fat Total Quantity Per 100g - ValueWord - NIP\",\"SortOrder\":264},{\"Id\":264,\"Name\":\"Fat Total Quantity Per Serve - Total - NIP\",\"Value\":\"2.6g\",\"Description\":\"Fat Total Quantity Per Serve - Total - NIP\",\"SortOrder\":267},{\"Id\":402,\"Name\":\"Monounsaturated Quantity Per 100g - Total - NIP\",\"Value\":\"0.75g\",\"Description\":\"Monounsaturated Quantity Per 100g - Total - NIP\",\"SortOrder\":479},{\"Id\":834,\"Name\":\"Monounsaturated Quantity Per Serve - Total - NIP\",\"Value\":\"0.38g\",\"Description\":\"Monounsaturated Quantity Per Serve - Total - NIP\",\"SortOrder\":483},{\"Id\":434,\"Name\":\"Polyunsaturated Quantity Per 100g - Total - NIP\",\"Value\":\"0.23g\",\"Description\":\"Polyunsaturated Quantity Per 100g - Total - NIP\",\"SortOrder\":563},{\"Id\":435,\"Name\":\"Polyunsaturated Quantity Per Serve - Total - NIP\",\"Value\":\"0.12g\",\"Description\":\"Polyunsaturated Quantity Per Serve - Total - NIP\",\"SortOrder\":567},{\"Id\":443,\"Name\":\"Potassium Quantity Per 100g - Total - NIP\",\"Value\":\"98mg\",\"Description\":\"Potassium Quantity Per 100g - Total - NIP\",\"SortOrder\":575},{\"Id\":493,\"Name\":\"Potassium Quantity Per Serve - Total - NIP\",\"Value\":\"49mg\",\"Description\":\"Potassium Quantity Per Serve - Total - NIP\",\"SortOrder\":579},{\"Id\":878,\"Name\":\"Protein Quantity Per 100g - Total - NIP\",\"Value\":\"6.6g\",\"Description\":\"Protein Quantity Per 100g - Total - NIP\",\"SortOrder\":587},{\"Id\":882,\"Name\":\"Protein Quantity Per Serve - Total - NIP\",\"Value\":\"3.3g\",\"Description\":\"Protein Quantity Per Serve - Total - NIP\",\"SortOrder\":591},{\"Id\":477,\"Name\":\"Serving Size - Total - NIP\",\"Value\":\"50g\",\"Description\":\"Serving Size - Total - NIP\",\"SortOrder\":607},{\"Id\":544,\"Name\":\"Servings Per Pack - Total - NIP\",\"Value\":\"6\",\"Description\":\"Servings Per Pack - Total - NIP\",\"SortOrder\":611},{\"Id\":491,\"Name\":\"Sodium Quantity Per 100g - Total - NIP\",\"Value\":\"610mg\",\"Description\":\"Sodium Quantity Per 100g - Total - NIP\",\"SortOrder\":623},{\"Id\":495,\"Name\":\"Sodium Quantity Per Serve - Total - NIP\",\"Value\":\"305mg\",\"Description\":\"Sodium Quantity Per Serve - Total - NIP\",\"SortOrder\":627},{\"Id\":907,\"Name\":\"Sugars Quantity Per 100g - Prefix - NIP\",\"Value\":null,\"Description\":\"Sugars Quantity Per 100g - Prefix - NIP\",\"SortOrder\":645},{\"Id\":908,\"Name\":\"Sugars Quantity Per 100g - SuffixUnits - NIP\",\"Value\":\"g\",\"Description\":\"Sugars Quantity Per 100g - SuffixUnits - NIP\",\"SortOrder\":646},{\"Id\":909,\"Name\":\"Sugars Quantity Per 100g - Total - NIP\",\"Value\":\"1.8g\",\"Description\":\"Sugars Quantity Per 100g - Total - NIP\",\"SortOrder\":647},{\"Id\":910,\"Name\":\"Sugars Quantity Per 100g - ValueWord - NIP\",\"Value\":\"1.8\",\"Description\":\"Sugars Quantity Per 100g - ValueWord - NIP\",\"SortOrder\":648},{\"Id\":504,\"Name\":\"Sugars Quantity Per Serve - Prefix - NIP\",\"Value\":null,\"Description\":\"Sugars Quantity Per Serve - Prefix - NIP\",\"SortOrder\":649},{\"Id\":911,\"Name\":\"Sugars Quantity Per Serve - SuffixUnits - NIP\",\"Value\":\"g\",\"Description\":\"Sugars Quantity Per Serve - SuffixUnits - NIP\",\"SortOrder\":650},{\"Id\":912,\"Name\":\"Sugars Quantity Per Serve - Total - NIP\",\"Value\":\"0.9g\",\"Description\":\"Sugars Quantity Per Serve - Total - NIP\",\"SortOrder\":651},{\"Id\":572,\"Name\":\"Sugars Quantity Per Serve - ValueWord - NIP\",\"Value\":\"0.9\",\"Description\":\"Sugars Quantity Per Serve - ValueWord - NIP\",\"SortOrder\":652},{\"Id\":593,\"Name\":\"Trans Quantity Per 100g - Total - NIP\",\"Value\":\"12.69mg\",\"Description\":\"Trans Quantity Per 100g - Total - NIP\",\"SortOrder\":667},{\"Id\":510,\"Name\":\"Trans Quantity Per Serve - Total - NIP\",\"Value\":\"6.35mg\",\"Description\":\"Trans Quantity Per Serve - Total - NIP\",\"SortOrder\":671}]}","ovencook":"False","vegetarian":"False","hypo-allergenic":null,"timer":null,"dermatologistrecommended":null,"sapdepartmentno":"5","allergencontains":"Wheat","waterresistant":null,"friendlydisclaimer":null,"recyclableinformation":null,"usageinstructions":null,"freezable":"False"},"DetailsImagePaths":["https://cdn0.woolworths.media/content/wowproductimages/large/040920.jpg"],"Variety":"Spring Roll Sheets","Rating":{"ReviewCount":36,"RatingCount":36,"RatingSum":156,"OneStarCount":2,"TwoStarCount":1,"ThreeStarCount":1,"FourStarCount":11,"FiveStarCount":21,"Average":4.33333333333333,"OneStarPercentage":5.55555555555556,"TwoStarPercentage":2.77777777777778,"ThreeStarPercentage":2.77777777777778,"FourStarPercentage":30.5555555555556,"FiveStarPercentage":58.3333333333333},"HasProductSubs":false,"IsSponsoredAd":false,"AdID":null,"AdIndex":null,"IsMarketProduct":false,"IsGiftable":false,"Vendor":null,"Untraceable":false,"ThirdPartyProductInfo":null,"MarketFeatures":null,"MarketSpecifications":null,"SupplyLimitSource":"StockQuantity","Tags":[{"Content":{"Type":"Label","Position":"Top","Attributes":{"Text":"LOW PRICE","Promotion":"LowPrice","BackgroundColor":"#c20016","BorderColor":"#c20016","TextColor":"#fff"}},"TemplateId":null,"Metadata":null}],"IsPersonalisedByPurchaseHistory":false,"IsFromFacetedSearch":false,"NextAvailabilityDate":null,"NumberOfSubstitutes":0,"IsPrimaryVariant":false,"VariantGroupId":0,"HasVariants":false,"VariantTitle":null,"IsTobacco":false}],"Name":"Trang's Pastry Spring Roll Sheets","DisplayName":"Trang's Pastry Spring Roll Sheets 300g"},{"Products":[{"TileID":0,"Stockcode":768562,"Barcode":"9300633450359","GtinFormat":13,"CupPrice":5.8,"InstoreCupPrice":5.8,"CupMeasure":"1KG","CupString":"$5.80 / 1KG","InstoreCupString":"$5.80 / 1KG","HasCupPrice":true,"InstoreHasCupPrice":true,"Price":2.9,"InstorePrice":2.9,"Name":"Woolworths Julienne Carrots","DisplayName":"Woolworths Julienne Carrots 500g","UrlFriendlyName":"woolworths-julienne-carrots","Description":" Woolworths Julienne Carrots 500G","SmallImageFile":"https://cdn0.woolworths.media/content/wowproductimages/small/768562.jpg","MediumImageFile":"https://cdn0.woolworths.media/content/wowproductimages/medium/768562.jpg","LargeImageFile":"https://cdn0.woolworths.media/content/wowproductimages/large/768562.jpg","IsNew":false,"IsHalfPrice":false,"IsOnlineOnly":false,"IsOnSpecial":false,"InstoreIsOnSpecial":false,"IsEdrSpecial":false,"SavingsAmount":0.0,"InstoreSavingsAmount":0.0,"WasPrice":2.9,"InstoreWasPrice":2.9,"QuantityInTrolley":0,"Unit":"Each","MinimumQuantity":1,"HasBeenBoughtBefore":false,"IsInTrolley":false,"Source":"Aisle.Freezer","SupplyLimit":14,"ProductLimit":50,"MaxSupplyLimitMessage":"14 item(s) left","IsRanged":true,"IsInStock":true,"PackageSize":"500G","IsPmDelivery":true,"IsForCollection":true,"IsForDelivery":true,"IsForExpress":true,"ProductRestrictionMessage":null,"ProductWarningMessage":null,"CentreTag":{"TagContent":null,"TagLink":null,"FallbackText":null,"TagType":"None","MultibuyData":null,"TagContentText":null,"DualImageTagContent":null,"PromotionType":"NOT_SET","IsRegisteredRewardCardPromotion":false},"IsCentreTag":false,"ImageTag":{"TagContent":null,"TagLink":null,"FallbackText":"","TagType":"None","MultibuyData":null,"TagContentText":null,"DualImageTagContent":null,"PromotionType":"NOT_SET","IsRegisteredRewardCardPromotion":false},"HeaderTag":null,"HasHeaderTag":false,"UnitWeightInGrams":0,"SupplyLimitMessage":"'Woolworths Julienne Carrots' has a supply limit of 14. The quantity in your cart has been reduced accordingly. To purchase a larger quantity, please contact us on 1800 000 610. Please note we do not supply trade orders.","SmallFormatDescription":"Woolworths Julienne Carrots","FullDescription":"Woolworths Julienne Carrots","IsAvailable":true,"InstoreIsAvailable":true,"IsPurchasable":true,"InstoreIsPurchasable":true,"AgeRestricted":false,"DisplayQuantity":1,"RichDescription":null,"HideWasSavedPrice":false,"SapCategories":null,"Brand":"Woolworths","IsRestrictedByDeliveryMethod":false,"FooterTag":{"TagContent":null,"TagLink":null,"FallbackText":null,"TagType":"None","MultibuyData":null,"TagContentText":null,"DualImageTagContent":null,"PromotionType":"NOT_SET","IsRegisteredRewardCardPromotion":false},"IsFooterEnabled":true,"Diagnostics":"14","IsBundle":false,"IsInFamily":false,"ChildProducts":null,"UrlOverride":null,"AdditionalAttributes":{"boxedcontents":null,"addedvitaminsandminerals":"False","sapdepartmentname":"GROCERIES","spf":null,"haircolour":null,"lifestyleanddietarystatement":"Vegetarian","sapcategoryname":"FROZEN MEALS","skintype":null,"importantinformation":null,"allergystatement":"No Artificial Colours or Flavours","productdepthmm":null,"skincondition":null,"ophthalmologistapproved":null,"healthstarrating":"5","hairtype":null,"fragrance-free":null,"sapsegmentname":"CARROTS","suitablefor":null,"PiesProductDepartmentsjson":"[{\"Id\":\"1_ACA2FC2\",\"Description\":\"Freezer\"}]","piessubcategorynamesjson":"[\"Other Vegetables\",\"Gluten Free\"]","sapsegmentno":"6","productwidthmm":null,"contains":null,"sapsubcategoryname":"FREEZER - VEGETABLES","dermatologisttested":null,"wool_productpackaging":null,"dermatologicallyapproved":null,"specialsgroupid":null,"productimages":"768562.jpg,768562_2.jpg","productheightmm":null,"r&r_hidereviews":null,"microwavesafe":"False","paba-free":null,"lifestyleclaim":null,"alcoholfree":null,"tgawarning":null,"activeconstituents":null,"microwaveable":"False","soap-free":null,"countryoforigin":null,"isexcludedfromsubstitution":"False","productimagecount":"2","r&r_loggedinreviews":null,"anti-dandruff":null,"servingsize-total-nip":null,"tgahealthwarninglink":null,"allergenmaybepresent":null,"PiesProductDepartmentNodeId":"1_ACA2FC2","parabenfree":"False","vendorarticleid":null,"containsgluten":"False","containsnuts":"False","ingredients":"Carrot (100%).","colour":null,"manufacturer":null,"sapcategoryno":"97","storageinstructions":"Keep frozen at or below -18C.","tgawarnings":null,"piesdepartmentnamesjson":"[\"Freezer\"]","brand":"woolworths","oilfree":null,"fragrance":null,"antibacterial":"False","non-comedogenic":null,"antiseptic":"False","bpafree":"False","vendorcostprice":null,"description":"<p>The Woolworths Select range of frozen vegetables are snap frozen to lock in the freshness and flavour, providing a convenient and nutritious way to enjoy vegetables.   Contains no preservatives, no artificial colours or flavours</p>","sweatresistant":null,"sapsubcategoryno":"103","claims":null,"antioxidant":"False","phbalanced":null,"wool_dietaryclaim":null,"ophthalmologisttested":null,"sulfatefree":"False","servingsperpack-total-nip":null,"piescategorynamesjson":"[\"Frozen Vegetables\",\"Frozen Gluten Free\"]","nutritionalinformation":"{\"Name\":\"Nutritional Information\",\"Attributes\":[{\"Id\":702,\"Name\":\"Calcium Quantity Per 100g - Total - NIP\",\"Value\":\"30mg\",\"Description\":\"Calcium Quantity Per 100g - Total - NIP\",\"SortOrder\":71},{\"Id\":47,\"Name\":\"Calcium Quantity Per Serve - Total - NIP\",\"Value\":\"22.5mg\",\"Description\":\"Calcium Quantity Per Serve - Total - NIP\",\"SortOrder\":75},{\"Id\":705,\"Name\":\"Carbohydrate Quantity Per 100g - Total - NIP\",\"Value\":\"5.10g\",\"Description\":\"Carbohydrate Quantity Per 100g - Total - NIP\",\"SortOrder\":83},{\"Id\":706,\"Name\":\"Carbohydrate Quantity Per Serve - Total - NIP\",\"Value\":\"3.80g\",\"Description\":\"Carbohydrate Quantity Per Serve - Total - NIP\",\"SortOrder\":87},{\"Id\":191,\"Name\":\"Dietary Fibre Quantity Per 100g - Total - NIP\",\"Value\":\"3.30g\",\"Description\":\"Dietary Fibre Quantity Per 100g - Total - NIP\",\"SortOrder\":175},{\"Id\":120,\"Name\":\"Dietary Fibre Quantity Per Serve - Total - NIP\",\"Value\":\"2.50g\",\"Description\":\"Dietary Fibre Quantity Per Serve - Total - NIP\",\"SortOrder\":179},{\"Id\":759,\"Name\":\"Energy kJ Quantity Per 100g - Total - NIP\",\"Value\":\"143.00kJ\",\"Description\":\"Energy kJ Quantity Per 100g - Total - NIP\",\"SortOrder\":239},{\"Id\":760,\"Name\":\"Energy kJ Quantity Per Serve - Total - NIP\",\"Value\":\"107.00kJ\",\"Description\":\"Energy kJ Quantity Per Serve - Total - NIP\",\"SortOrder\":243},{\"Id\":253,\"Name\":\"Fat Saturated Quantity Per 100g - Total - NIP\",\"Value\":\"<1.00g\",\"Description\":\"Fat Saturated Quantity Per 100g - Total - NIP\",\"SortOrder\":251},{\"Id\":258,\"Name\":\"Fat Saturated Quantity Per Serve - Total - NIP\",\"Value\":\"<0.80g\",\"Description\":\"Fat Saturated Quantity Per Serve - Total - NIP\",\"SortOrder\":255},{\"Id\":764,\"Name\":\"Fat Total Quantity Per 100g - Total - NIP\",\"Value\":\"<1.00g\",\"Description\":\"Fat Total Quantity Per 100g - Total - NIP\",\"SortOrder\":263},{\"Id\":166,\"Name\":\"Fat Total Quantity Per 100g - ValueWord - NIP\",\"Value\":\"1.00\",\"Description\":\"Fat Total Quantity Per 100g - ValueWord - NIP\",\"SortOrder\":264},{\"Id\":264,\"Name\":\"Fat Total Quantity Per Serve - Total - NIP\",\"Value\":\"<0.80g\",\"Description\":\"Fat Total Quantity Per Serve - Total - NIP\",\"SortOrder\":267},{\"Id\":443,\"Name\":\"Potassium Quantity Per 100g - Total - NIP\",\"Value\":\"270mg\",\"Description\":\"Potassium Quantity Per 100g - Total - NIP\",\"SortOrder\":575},{\"Id\":493,\"Name\":\"Potassium Quantity Per Serve - Total - NIP\",\"Value\":\"202.5mg\",\"Description\":\"Potassium Quantity Per Serve - Total - NIP\",\"SortOrder\":579},{\"Id\":878,\"Name\":\"Protein Quantity Per 100g - Total - NIP\",\"Value\":\"1.10g\",\"Description\":\"Protein Quantity Per 100g - Total - NIP\",\"SortOrder\":587},{\"Id\":882,\"Name\":\"Protein Quantity Per Serve - Total - NIP\",\"Value\":\"<0.80g\",\"Description\":\"Protein Quantity Per Serve - Total - NIP\",\"SortOrder\":591},{\"Id\":477,\"Name\":\"Serving Size - Total - NIP\",\"Value\":\"75.00g\",\"Description\":\"Serving Size - Total - NIP\",\"SortOrder\":607},{\"Id\":544,\"Name\":\"Servings Per Pack - Total - NIP\",\"Value\":\"6.00\",\"Description\":\"Servings Per Pack - Total - NIP\",\"SortOrder\":611},{\"Id\":491,\"Name\":\"Sodium Quantity Per 100g - Total - NIP\",\"Value\":\"67.00mg\",\"Description\":\"Sodium Quantity Per 100g - Total - NIP\",\"SortOrder\":623},{\"Id\":495,\"Name\":\"Sodium Quantity Per Serve - Total - NIP\",\"Value\":\"50.00mg\",\"Description\":\"Sodium Quantity Per Serve - Total - NIP\",\"SortOrder\":627},{\"Id\":907,\"Name\":\"Sugars Quantity Per 100g - Prefix - NIP\",\"Value\":null,\"Description\":\"Sugars Quantity Per 100g - Prefix - NIP\",\"SortOrder\":645},{\"Id\":908,\"Name\":\"Sugars Quantity Per 100g - SuffixUnits - NIP\",\"Value\":\"g\",\"Description\":\"Sugars Quantity Per 100g - SuffixUnits - NIP\",\"SortOrder\":646},{\"Id\":909,\"Name\":\"Sugars Quantity Per 100g - Total - NIP\",\"Value\":\"4.60g\",\"Description\":\"Sugars Quantity Per 100g - Total - NIP\",\"SortOrder\":647},{\"Id\":910,\"Name\":\"Sugars Quantity Per 100g - ValueWord - NIP\",\"Value\":\"4.60\",\"Description\":\"Sugars Quantity Per 100g - ValueWord - NIP\",\"SortOrder\":648},{\"Id\":504,\"Name\":\"Sugars Quantity Per Serve - Prefix - NIP\",\"Value\":null,\"Description\":\"Sugars Quantity Per Serve - Prefix - NIP\",\"SortOrder\":649},{\"Id\":911,\"Name\":\"Sugars Quantity Per Serve - SuffixUnits - NIP\",\"Value\":\"g\",\"Description\":\"Sugars Quantity Per Serve - SuffixUnits - NIP\",\"SortOrder\":650},{\"Id\":912,\"Name\":\"Sugars Quantity Per Serve - Total - NIP\",\"Value\":\"3.40g\",\"Description\":\"Sugars Quantity Per Serve - Total - NIP\",\"SortOrder\":651},{\"Id\":572,\"Name\":\"Sugars Quantity Per Serve - ValueWord - NIP\",\"Value\":\"3.40\",\"Description\":\"Sugars Quantity Per Serve - ValueWord - NIP\",\"SortOrder\":652}]}","ovencook":"False","vegetarian":"False","hypo-allergenic":null,"timer":null,"dermatologistrecommended":null,"sapdepartmentno":"5","allergencontains":null,"waterresistant":null,"friendlydisclaimer":null,"recyclableinformation":null,"usageinstructions":null,"freezable":"False"},"DetailsImagePaths":["https://cdn0.woolworths.media/content/wowproductimages/large/768562.jpg"],"Variety":"Carrots","Rating":{"ReviewCount":608,"RatingCount":608,"RatingSum":2652,"OneStarCount":5,"TwoStarCount":16,"ThreeStarCount":68,"FourStarCount":184,"FiveStarCount":335,"Average":4.36184210526316,"OneStarPercentage":0.822368421052632,"TwoStarPercentage":2.63157894736842,"ThreeStarPercentage":11.1842105263158,"FourStarPercentage":30.2631578947368,"FiveStarPercentage":55.0986842105263},"HasProductSubs":false,"IsSponsoredAd":false,"AdID":null,"AdIndex":null,"IsMarketProduct":false,"IsGiftable":false,"Vendor":null,"Untraceable":false,"ThirdPartyProductInfo":null,"MarketFeatures":null,"MarketSpecifications":null,"SupplyLimitSource":"StockQuantity","Tags":null,"IsPersonalisedByPurchaseHistory":false,"IsFromFacetedSearch":false,"NextAvailabilityDate":null,"NumberOfSubstitutes":0,"IsPrimaryVariant":false,"VariantGroupId":0,"HasVariants":false,"VariantTitle":null,"IsTobacco":false}],"Name":"Woolworths Julienne Carrots","DisplayName":"Woolworths Julienne Carrots 500g"},{"Products":[{"TileID":0,"Stockcode":85721,"Barcode":"9316105010013","GtinFormat":13,"CupPrice":1.05,"InstoreCupPrice":1.05,"CupMeasure":"100G","CupString":"$1.05 / 100G","InstoreCupString":"$1.05 / 100G","HasCupPrice":true,"InstoreHasCupPrice":true,"Price":2.9,"InstorePrice":2.9,"Name":"Double Merino Pastry Gow Gee","DisplayName":"Double Merino Pastry Gow Gee 275g","UrlFriendlyName":"double-merino-pastry-gow-gee","Description":" Double Merino Pastry Gow Gee 275G","SmallImageFile":"https://cdn0.woolworths.media/content/wowproductimages/small/085721.jpg","MediumImageFile":"https://cdn0.woolworths.media/content/wowproductimages/medium/085721.jpg","LargeImageFile":"https://cdn0.woolworths.media/content/wowproductimages/large/085721.jpg","IsNew":false,"IsHalfPrice":false,"IsOnlineOnly":false,"IsOnSpecial":false,"InstoreIsOnSpecial":false,"IsEdrSpecial":false,"SavingsAmount":0.0,"InstoreSavingsAmount":0.0,"WasPrice":2.9,"InstoreWasPrice":2.9,"QuantityInTrolley":0,"Unit":"Each","MinimumQuantity":1,"HasBeenBoughtBefore":false,"IsInTrolley":false,"Source":"Aisle.Freezer","SupplyLimit":14,"ProductLimit":36,"MaxSupplyLimitMessage":"14 item(s) left","IsRanged":true,"IsInStock":true,"PackageSize":"275G","IsPmDelivery":true,"IsForCollection":true,"IsForDelivery":true,"IsForExpress":true,"ProductRestrictionMessage":null,"ProductWarningMessage":null,"CentreTag":{"TagContent":null,"TagLink":null,"FallbackText":null,"TagType":"None","MultibuyData":null,"TagContentText":null,"DualImageTagContent":null,"PromotionType":"NOT_SET","IsRegisteredRewardCardPromotion":false},"IsCentreTag":false,"ImageTag":{"TagContent":null,"TagLink":null,"FallbackText":"","TagType":"None","MultibuyData":null,"TagContentText":null,"DualImageTagContent":null,"PromotionType":"NOT_SET","IsRegisteredRewardCardPromotion":false},"HeaderTag":{"BackgroundColor":"#c20016","BorderColor":"#c20016","TextColor":"#fff","Content":"LOW PRICE","TagLink":null,"Promotion":"LowPrice"},"HasHeaderTag":true,"UnitWeightInGrams":0,"SupplyLimitMessage":"'Double Merino Pastry Gow Gee' has a supply limit of 14. The quantity in your cart has been reduced accordingly. To purchase a larger quantity, please contact us on 1800 000 610. Please note we do not supply trade orders.","SmallFormatDescription":"Double Merino Pastry Gow Gee","FullDescription":"Double Merino Pastry Gow Gee","IsAvailable":true,"InstoreIsAvailable":true,"IsPurchasable":true,"InstoreIsPurchasable":true,"AgeRestricted":false,"DisplayQuantity":1,"RichDescription":null,"HideWasSavedPrice":false,"SapCategories":null,"Brand":"Double Merino","IsRestrictedByDeliveryMethod":false,"FooterTag":{"TagContent":"Lower Price Always","TagLink":null,"FallbackText":null,"TagType":"Html","MultibuyData":null,"TagContentText":null,"DualImageTagContent":null,"PromotionType":"NOT_SET","IsRegisteredRewardCardPromotion":false},"IsFooterEnabled":true,"Diagnostics":"15","IsBundle":false,"IsInFamily":false,"ChildProducts":null,"UrlOverride":null,"AdditionalAttributes":{"boxedcontents":null,"addedvitaminsandminerals":"False","sapdepartmentname":"FRESH CONVENIENCE","spf":null,"haircolour":null,"lifestyleanddietarystatement":"Low Fat","sapcategoryname":"DELI CONVENIENCE","skintype":null,"importantinformation":null,"allergystatement":"Dairy Free","productdepthmm":null,"skincondition":null,"ophthalmologistapproved":null,"healthstarrating":null,"hairtype":null,"fragrance-free":null,"sapsegmentname":"DUMPLING WRAPPERS & PASTRIES","suitablefor":null,"PiesProductDepartmentsjson":"[{\"Id\":\"1_ACA2FC2\",\"Description\":\"Freezer\"},{\"Id\":\"1_3151F6F\",\"Description\":\"Deli & Chilled Meals\"}]","piessubcategorynamesjson":"[\"Pastry Sheets\",\"Fresh Pasta & Sauces\"]","sapsegmentno":"2","productwidthmm":null,"contains":null,"sapsubcategoryname":"CHILLED MEAL COMPONENTS","dermatologisttested":null,"wool_productpackaging":null,"dermatologicallyapproved":null,"specialsgroupid":null,"productimages":"85721.jpg,85721_2.jpg","productheightmm":null,"r&r_hidereviews":null,"microwavesafe":"False","paba-free":null,"lifestyleclaim":null,"alcoholfree":null,"tgawarning":null,"activeconstituents":null,"microwaveable":"False","soap-free":null,"countryoforigin":null,"isexcludedfromsubstitution":"False","productimagecount":"2","r&r_loggedinreviews":null,"anti-dandruff":null,"servingsize-total-nip":null,"tgahealthwarninglink":null,"allergenmaybepresent":"Egg","PiesProductDepartmentNodeId":"1_ACA2FC2","parabenfree":"False","vendorarticleid":null,"containsgluten":"False","containsnuts":"False","ingredients":"Wheat Flour (73%) (contains Gluten), Water, Salt and Preservative (202, 330), Layering Coat: Cornflour","colour":null,"manufacturer":null,"sapcategoryno":"2","storageinstructions":"Keep Refrigerated","tgawarnings":null,"piesdepartmentnamesjson":"[\"Freezer\",\"Deli & Chilled Meals\"]","brand":"double merino","oilfree":null,"fragrance":null,"antibacterial":"False","non-comedogenic":null,"antiseptic":"False","bpafree":"False","vendorcostprice":null,"description":null,"sweatresistant":null,"sapsubcategoryno":"205","claims":null,"antioxidant":"False","phbalanced":null,"wool_dietaryclaim":null,"ophthalmologisttested":null,"sulfatefree":"False","servingsperpack-total-nip":null,"piescategorynamesjson":"[\"Frozen Desserts\",\"Ready to Eat Meals\"]","nutritionalinformation":"{\"Name\":\"Nutritional Information\",\"Attributes\":[{\"Id\":702,\"Name\":\"Calcium Quantity Per 100g - Total - NIP\",\"Value\":\"9mg\",\"Description\":\"Calcium Quantity Per 100g - Total - NIP\",\"SortOrder\":71},{\"Id\":705,\"Name\":\"Carbohydrate Quantity Per 100g - Total - NIP\",\"Value\":\"48.2g\",\"Description\":\"Carbohydrate Quantity Per 100g - Total - NIP\",\"SortOrder\":83},{\"Id\":191,\"Name\":\"Dietary Fibre Quantity Per 100g - Total - NIP\",\"Value\":\"1.2g\",\"Description\":\"Dietary Fibre Quantity Per 100g - Total - NIP\",\"SortOrder\":175},{\"Id\":759,\"Name\":\"Energy kJ Quantity Per 100g - Total - NIP\",\"Value\":\"900kJ\",\"Description\":\"Energy kJ Quantity Per 100g - Total - NIP\",\"SortOrder\":239},{\"Id\":253,\"Name\":\"Fat Saturated Quantity Per 100g - Total - NIP\",\"Value\":\"0.05g\",\"Description\":\"Fat Saturated Quantity Per 100g - Total - NIP\",\"SortOrder\":251},{\"Id\":764,\"Name\":\"Fat Total Quantity Per 100g - Total - NIP\",\"Value\":\"0.4g\",\"Description\":\"Fat Total Quantity Per 100g - Total - NIP\",\"SortOrder\":263},{\"Id\":166,\"Name\":\"Fat Total Quantity Per 100g - ValueWord - NIP\",\"Value\":\"0.4\",\"Description\":\"Fat Total Quantity Per 100g - ValueWord - NIP\",\"SortOrder\":264},{\"Id\":402,\"Name\":\"Monounsaturated Quantity Per 100g - Total - NIP\",\"Value\":\"0.03g\",\"Description\":\"Monounsaturated Quantity Per 100g - Total - NIP\",\"SortOrder\":479},{\"Id\":434,\"Name\":\"Polyunsaturated Quantity Per 100g - Total - NIP\",\"Value\":\"0.16g\",\"Description\":\"Polyunsaturated Quantity Per 100g - Total - NIP\",\"SortOrder\":563},{\"Id\":443,\"Name\":\"Potassium Quantity Per 100g - Total - NIP\",\"Value\":\"53mg\",\"Description\":\"Potassium Quantity Per 100g - Total - NIP\",\"SortOrder\":575},{\"Id\":878,\"Name\":\"Protein Quantity Per 100g - Total - NIP\",\"Value\":\"3.3g\",\"Description\":\"Protein Quantity Per 100g - Total - NIP\",\"SortOrder\":587},{\"Id\":544,\"Name\":\"Servings Per Pack - Total - NIP\",\"Value\":\"3\",\"Description\":\"Servings Per Pack - Total - NIP\",\"SortOrder\":611},{\"Id\":491,\"Name\":\"Sodium Quantity Per 100g - Total - NIP\",\"Value\":\"324mg\",\"Description\":\"Sodium Quantity Per 100g - Total - NIP\",\"SortOrder\":623},{\"Id\":908,\"Name\":\"Sugars Quantity Per 100g - SuffixUnits - NIP\",\"Value\":\"g\",\"Description\":\"Sugars Quantity Per 100g - SuffixUnits - NIP\",\"SortOrder\":646},{\"Id\":909,\"Name\":\"Sugars Quantity Per 100g - Total - NIP\",\"Value\":\"0.2g\",\"Description\":\"Sugars Quantity Per 100g - Total - NIP\",\"SortOrder\":647},{\"Id\":910,\"Name\":\"Sugars Quantity Per 100g - ValueWord - NIP\",\"Value\":\"0.2\",\"Description\":\"Sugars Quantity Per 100g - ValueWord - NIP\",\"SortOrder\":648}]}","ovencook":"False","vegetarian":"False","hypo-allergenic":null,"timer":null,"dermatologistrecommended":null,"sapdepartmentno":"10","allergencontains":null,"waterresistant":null,"friendlydisclaimer":null,"recyclableinformation":null,"usageinstructions":null,"freezable":"False"},"DetailsImagePaths":["https://cdn0.woolworths.media/content/wowproductimages/large/085721.jpg"],"Variety":"Gow Gee","Rating":{"ReviewCount":0,"RatingCount":0,"RatingSum":0,"OneStarCount":0,"TwoStarCount":0,"ThreeStarCount":0,"FourStarCount":0,"FiveStarCount":0,"Average":0,"OneStarPercentage":0,"TwoStarPercentage":0,"ThreeStarPercentage":0,"FourStarPercentage":0,"FiveStarPercentage":0},"HasProductSubs":false,"IsSponsoredAd":false,"AdID":null,"AdIndex":null,"IsMarketProduct":false,"IsGiftable":false,"Vendor":null,"Untraceable":false,"ThirdPartyProductInfo":null,"MarketFeatures":null,"MarketSpecifications":null,"SupplyLimitSource":"StockQuantity","Tags":[{"Content":{"Type":"Label","Position":"Top","Attributes":{"Text":"LOW PRICE","Promotion":"LowPrice","BackgroundColor":"#c20016","BorderColor":"#c20016","TextColor":"#fff"}},"TemplateId":null,"Metadata":null}],"IsPersonalisedByPurchaseHistory":false,"IsFromFacetedSearch":false,"NextAvailabilityDate":null,"NumberOfSubstitutes":0,"IsPrimaryVariant":false,"VariantGroupId":0,"HasVariants":false,"VariantTitle":null,"IsTobacco":false}],"Name":"Double Merino Pastry Gow Gee","DisplayName":"Double Merino Pastry Gow Gee 275g"},{"Products":[{"TileID":0,"Stockcode":18366,"Barcode":"9300633183660","GtinFormat":13,"CupPrice":0.3,"InstoreCupPrice":0.3,"CupMeasure":"100G","CupString":"$0.30 / 100G","InstoreCupString":"$0.30 / 100G","HasCupPrice":true,"InstoreHasCupPrice":true,"Price":2.95,"InstorePrice":2.95,"Name":"Woolworths Puff Pastry Sheets","DisplayName":"Woolworths Puff Pastry Sheets 1kg","UrlFriendlyName":"woolworths-puff-pastry-sheets","Description":" Woolworths Puff Pastry<br>Sheets 1Kg","SmallImageFile":"https://cdn0.woolworths.media/content/wowproductimages/small/018366.jpg","MediumImageFile":"https://cdn0.woolworths.media/content/wowproductimages/medium/018366.jpg","LargeImageFile":"https://cdn0.woolworths.media/content/wowproductimages/large/018366.jpg","IsNew":false,"IsHalfPrice":false,"IsOnlineOnly":false,"IsOnSpecial":false,"InstoreIsOnSpecial":false,"IsEdrSpecial":false,"SavingsAmount":0.00,"InstoreSavingsAmount":0.00,"WasPrice":2.95,"InstoreWasPrice":2.95,"QuantityInTrolley":0,"Unit":"Each","MinimumQuantity":1,"HasBeenBoughtBefore":false,"IsInTrolley":false,"Source":"Aisle.Freezer","SupplyLimit":34,"ProductLimit":50,"MaxSupplyLimitMessage":"34 item(s) left","IsRanged":true,"IsInStock":true,"PackageSize":"1Kg","IsPmDelivery":true,"IsForCollection":true,"IsForDelivery":true,"IsForExpress":true,"ProductRestrictionMessage":null,"ProductWarningMessage":null,"CentreTag":{"TagContent":null,"TagLink":null,"FallbackText":null,"TagType":"None","MultibuyData":null,"TagContentText":null,"DualImageTagContent":null,"PromotionType":"NOT_SET","IsRegisteredRewardCardPromotion":false},"IsCentreTag":false,"ImageTag":{"TagContent":null,"TagLink":null,"FallbackText":"","TagType":"None","MultibuyData":null,"TagContentText":null,"DualImageTagContent":null,"PromotionType":"NOT_SET","IsRegisteredRewardCardPromotion":false},"HeaderTag":null,"HasHeaderTag":false,"UnitWeightInGrams":0,"SupplyLimitMessage":"'Woolworths Puff Pastry Sheets' has a supply limit of 34. The quantity in your cart has been reduced accordingly. To purchase a larger quantity, please contact us on 1800 000 610. Please note we do not supply trade orders.","SmallFormatDescription":"Woolworths Puff Pastry Sheets","FullDescription":"Woolworths Puff Pastry Sheets","IsAvailable":true,"InstoreIsAvailable":true,"IsPurchasable":true,"InstoreIsPurchasable":true,"AgeRestricted":false,"DisplayQuantity":1,"RichDescription":null,"HideWasSavedPrice":false,"SapCategories":null,"Brand":"Woolworths","IsRestrictedByDeliveryMethod":false,"FooterTag":{"TagContent":null,"TagLink":null,"FallbackText":null,"TagType":"None","MultibuyData":null,"TagContentText":null,"DualImageTagContent":null,"PromotionType":"NOT_SET","IsRegisteredRewardCardPromotion":false},"IsFooterEnabled":true,"Diagnostics":"16","IsBundle":false,"IsInFamily":false,"ChildProducts":null,"UrlOverride":null,"AdditionalAttributes":{"boxedcontents":null,"addedvitaminsandminerals":"False","sapdepartmentname":"GROCERIES","spf":null,"haircolour":null,"lifestyleanddietarystatement":"Source of Fibre","sapcategoryname":"FREEZER - DESSERTS & PASTRY","skintype":null,"importantinformation":null,"allergystatement":"Lactose Free","productdepthmm":null,"skincondition":null,"ophthalmologistapproved":null,"healthstarrating":"2.5","hairtype":null,"fragrance-free":null,"sapsegmentname":"PASTRY - PUFF","suitablefor":null,"PiesProductDepartmentsjson":"[{\"Id\":\"1_ACA2FC2\",\"Description\":\"Freezer\"}]","piessubcategorynamesjson":"[\"Pastry Sheets\",\"Pastry Sheets\"]","sapsegmentno":"8","productwidthmm":null,"contains":null,"sapsubcategoryname":"FREEZER - DESSERTS & PASTRY","dermatologisttested":null,"wool_productpackaging":null,"dermatologicallyapproved":null,"specialsgroupid":null,"productimages":"18366.jpg,18366_1.jpg,18366_2.jpg","productheightmm":null,"r&r_hidereviews":null,"microwavesafe":"False","paba-free":null,"lifestyleclaim":null,"alcoholfree":null,"tgawarning":null,"activeconstituents":null,"microwaveable":"False","soap-free":null,"countryoforigin":null,"isexcludedfromsubstitution":"False","productimagecount":"3","r&r_loggedinreviews":null,"anti-dandruff":null,"servingsize-total-nip":null,"tgahealthwarninglink":null,"allergenmaybepresent":null,"PiesProductDepartmentNodeId":"1_ACA2FC2","parabenfree":"False","vendorarticleid":null,"containsgluten":"False","containsnuts":"False","ingredients":"Wheat Flour, Water, Margarine (Palm Oil, Water, Salt, Emulsifiers (471, 472c), Antioxidant (304), Natural Flavour), Salt","colour":null,"manufacturer":null,"sapcategoryno":"98","storageinstructions":"Keep Frozen","tgawarnings":null,"piesdepartmentnamesjson":"[\"Freezer\"]","brand":"woolworths","oilfree":null,"fragrance":null,"antibacterial":"False","non-comedogenic":null,"antiseptic":"False","bpafree":"False","vendorcostprice":null,"description":null,"sweatresistant":null,"sapsubcategoryno":"12","claims":null,"antioxidant":"False","phbalanced":null,"wool_dietaryclaim":"Free From Artificial Colour\rFree From Artificial Flavour\rFree From Artificial Preservatives","ophthalmologisttested":null,"sulfatefree":"False","servingsperpack-total-nip":null,"piescategorynamesjson":"[\"Frozen Desserts\",\"Frozen Party Food\"]","nutritionalinformation":"{\"Name\":\"Nutritional Information\",\"Attributes\":[{\"Id\":702,\"Name\":\"Calcium Quantity Per 100g - Total - NIP\",\"Value\":\"9mg\",\"Description\":\"Calcium Quantity Per 100g - Total - NIP\",\"SortOrder\":71},{\"Id\":47,\"Name\":\"Calcium Quantity Per Serve - Total - NIP\",\"Value\":\"9mg\",\"Description\":\"Calcium Quantity Per Serve - Total - NIP\",\"SortOrder\":75},{\"Id\":705,\"Name\":\"Carbohydrate Quantity Per 100g - Total - NIP\",\"Value\":\"Approx.40.2g\",\"Description\":\"Carbohydrate Quantity Per 100g - Total - NIP\",\"SortOrder\":83},{\"Id\":706,\"Name\":\"Carbohydrate Quantity Per Serve - Total - NIP\",\"Value\":\"Approx.20.1g\",\"Description\":\"Carbohydrate Quantity Per Serve - Total - NIP\",\"SortOrder\":87},{\"Id\":191,\"Name\":\"Dietary Fibre Quantity Per 100g - Total - NIP\",\"Value\":\"Approx.3.9g\",\"Description\":\"Dietary Fibre Quantity Per 100g - Total - NIP\",\"SortOrder\":175},{\"Id\":120,\"Name\":\"Dietary Fibre Quantity Per Serve - Total - NIP\",\"Value\":\"Approx.2g\",\"Description\":\"Dietary Fibre Quantity Per Serve - Total - NIP\",\"SortOrder\":179},{\"Id\":759,\"Name\":\"Energy kJ Quantity Per 100g - Total - NIP\",\"Value\":\"Approx.1410kJ\",\"Description\":\"Energy kJ Quantity Per 100g - Total - NIP\",\"SortOrder\":239},{\"Id\":760,\"Name\":\"Energy kJ Quantity Per Serve - Total - NIP\",\"Value\":\"Approx.705kJ\",\"Description\":\"Energy kJ Quantity Per Serve - Total - NIP\",\"SortOrder\":243},{\"Id\":253,\"Name\":\"Fat Saturated Quantity Per 100g - Total - NIP\",\"Value\":\"Approx.7.8g\",\"Description\":\"Fat Saturated Quantity Per 100g - Total - NIP\",\"SortOrder\":251},{\"Id\":258,\"Name\":\"Fat Saturated Quantity Per Serve - Total - NIP\",\"Value\":\"Approx.3.9g\",\"Description\":\"Fat Saturated Quantity Per Serve - Total - NIP\",\"SortOrder\":255},{\"Id\":764,\"Name\":\"Fat Total Quantity Per 100g - Total - NIP\",\"Value\":\"Approx.15.8g\",\"Description\":\"Fat Total Quantity Per 100g - Total - NIP\",\"SortOrder\":263},{\"Id\":166,\"Name\":\"Fat Total Quantity Per 100g - ValueWord - NIP\",\"Value\":\"15.8\",\"Description\":\"Fat Total Quantity Per 100g - ValueWord - NIP\",\"SortOrder\":264},{\"Id\":264,\"Name\":\"Fat Total Quantity Per Serve - Total - NIP\",\"Value\":\"Approx.7.9g\",\"Description\":\"Fat Total Quantity Per Serve - Total - NIP\",\"SortOrder\":267},{\"Id\":402,\"Name\":\"Monounsaturated Quantity Per 100g - Total - NIP\",\"Value\":\"5.63g\",\"Description\":\"Monounsaturated Quantity Per 100g - Total - NIP\",\"SortOrder\":479},{\"Id\":834,\"Name\":\"Monounsaturated Quantity Per Serve - Total - NIP\",\"Value\":\"5.63g\",\"Description\":\"Monounsaturated Quantity Per Serve - Total - NIP\",\"SortOrder\":483},{\"Id\":434,\"Name\":\"Polyunsaturated Quantity Per 100g - Total - NIP\",\"Value\":\"0.97g\",\"Description\":\"Polyunsaturated Quantity Per 100g - Total - NIP\",\"SortOrder\":563},{\"Id\":435,\"Name\":\"Polyunsaturated Quantity Per Serve - Total - NIP\",\"Value\":\"0.97g\",\"Description\":\"Polyunsaturated Quantity Per Serve - Total - NIP\",\"SortOrder\":567},{\"Id\":443,\"Name\":\"Potassium Quantity Per 100g - Total - NIP\",\"Value\":\"63mg\",\"Description\":\"Potassium Quantity Per 100g - Total - NIP\",\"SortOrder\":575},{\"Id\":493,\"Name\":\"Potassium Quantity Per Serve - Total - NIP\",\"Value\":\"63mg\",\"Description\":\"Potassium Quantity Per Serve - Total - NIP\",\"SortOrder\":579},{\"Id\":878,\"Name\":\"Protein Quantity Per 100g - Total - NIP\",\"Value\":\"Approx.6.5g\",\"Description\":\"Protein Quantity Per 100g - Total - NIP\",\"SortOrder\":587},{\"Id\":882,\"Name\":\"Protein Quantity Per Serve - Total - NIP\",\"Value\":\"Approx.3.2g\",\"Description\":\"Protein Quantity Per Serve - Total - NIP\",\"SortOrder\":591},{\"Id\":477,\"Name\":\"Serving Size - Total - NIP\",\"Value\":\"50g\",\"Description\":\"Serving Size - Total - NIP\",\"SortOrder\":607},{\"Id\":544,\"Name\":\"Servings Per Pack - Total - NIP\",\"Value\":\"20\",\"Description\":\"Servings Per Pack - Total - NIP\",\"SortOrder\":611},{\"Id\":491,\"Name\":\"Sodium Quantity Per 100g - Total - NIP\",\"Value\":\"Approx.410mg\",\"Description\":\"Sodium Quantity Per 100g - Total - NIP\",\"SortOrder\":623},{\"Id\":495,\"Name\":\"Sodium Quantity Per Serve - Total - NIP\",\"Value\":\"Approx.205mg\",\"Description\":\"Sodium Quantity Per Serve - Total - NIP\",\"SortOrder\":627},{\"Id\":907,\"Name\":\"Sugars Quantity Per 100g - Prefix - NIP\",\"Value\":\"Approx. \",\"Description\":\"Sugars Quantity Per 100g - Prefix - NIP\",\"SortOrder\":645},{\"Id\":908,\"Name\":\"Sugars Quantity Per 100g - SuffixUnits - NIP\",\"Value\":\"g\",\"Description\":\"Sugars Quantity Per 100g - SuffixUnits - NIP\",\"SortOrder\":646},{\"Id\":909,\"Name\":\"Sugars Quantity Per 100g - Total - NIP\",\"Value\":\"Approx.1.2g\",\"Description\":\"Sugars Quantity Per 100g - Total - NIP\",\"SortOrder\":647},{\"Id\":910,\"Name\":\"Sugars Quantity Per 100g - ValueWord - NIP\",\"Value\":\"1.2\",\"Description\":\"Sugars Quantity Per 100g - ValueWord - NIP\",\"SortOrder\":648},{\"Id\":504,\"Name\":\"Sugars Quantity Per Serve - Prefix - NIP\",\"Value\":\"Approx. \",\"Description\":\"Sugars Quantity Per Serve - Prefix - NIP\",\"SortOrder\":649},{\"Id\":911,\"Name\":\"Sugars Quantity Per Serve - SuffixUnits - NIP\",\"Value\":\"g\",\"Description\":\"Sugars Quantity Per Serve - SuffixUnits - NIP\",\"SortOrder\":650},{\"Id\":912,\"Name\":\"Sugars Quantity Per Serve - Total - NIP\",\"Value\":\"Approx.0.6g\",\"Description\":\"Sugars Quantity Per Serve - Total - NIP\",\"SortOrder\":651},{\"Id\":572,\"Name\":\"Sugars Quantity Per Serve - ValueWord - NIP\",\"Value\":\"0.6\",\"Description\":\"Sugars Quantity Per Serve - ValueWord - NIP\",\"SortOrder\":652},{\"Id\":593,\"Name\":\"Trans Quantity Per 100g - Total - NIP\",\"Value\":\"Approx.1.6g\",\"Description\":\"Trans Quantity Per 100g - Total - NIP\",\"SortOrder\":667},{\"Id\":510,\"Name\":\"Trans Quantity Per Serve - Total - NIP\",\"Value\":\"<1g\",\"Description\":\"Trans Quantity Per Serve - Total - NIP\",\"SortOrder\":671}]}","ovencook":"False","vegetarian":"False","hypo-allergenic":null,"timer":null,"dermatologistrecommended":null,"sapdepartmentno":"5","allergencontains":"Soy, Gluten","waterresistant":null,"friendlydisclaimer":null,"recyclableinformation":null,"usageinstructions":null,"freezable":"False"},"DetailsImagePaths":["https://cdn0.woolworths.media/content/wowproductimages/large/018366.jpg"],"Variety":"Sheets","Rating":{"ReviewCount":1040,"RatingCount":1040,"RatingSum":4785,"OneStarCount":16,"TwoStarCount":17,"ThreeStarCount":46,"FourStarCount":208,"FiveStarCount":753,"Average":4.60096153846154,"OneStarPercentage":1.53846153846154,"TwoStarPercentage":1.63461538461538,"ThreeStarPercentage":4.42307692307692,"FourStarPercentage":20,"FiveStarPercentage":72.4038461538462},"HasProductSubs":false,"IsSponsoredAd":false,"AdID":null,"AdIndex":null,"IsMarketProduct":false,"IsGiftable":false,"Vendor":null,"Untraceable":false,"ThirdPartyProductInfo":null,"MarketFeatures":null,"MarketSpecifications":null,"SupplyLimitSource":"StockQuantity","Tags":null,"IsPersonalisedByPurchaseHistory":false,"IsFromFacetedSearch":false,"NextAvailabilityDate":null,"NumberOfSubstitutes":0,"IsPrimaryVariant":false,"VariantGroupId":0,"HasVariants":false,"VariantTitle":null,"IsTobacco":false}],"Name":"Woolworths Puff Pastry Sheets","DisplayName":"Woolworths Puff Pastry Sheets 1kg"},{"Products":[{"TileID":0,"Stockcode":763596,"Barcode":"9300633437619","GtinFormat":13,"CupPrice":0.3,"InstoreCupPrice":0.3,"CupMeasure":"100G","CupString":"$0.30 / 100G","InstoreCupString":"$0.30 / 100G","HasCupPrice":true,"InstoreHasCupPrice":true,"Price":2.95,"InstorePrice":2.95,"Name":"Woolworths Pastry Shortcrust","DisplayName":"Woolworths Pastry Shortcrust 1kg","UrlFriendlyName":"woolworths-pastry-shortcrust","Description":" Woolworths Pastry Shortcrust 1Kg","SmallImageFile":"https://cdn0.woolworths.media/content/wowproductimages/small/763596.jpg","MediumImageFile":"https://cdn0.woolworths.media/content/wowproductimages/medium/763596.jpg","LargeImageFile":"https://cdn0.woolworths.media/content/wowproductimages/large/763596.jpg","IsNew":false,"IsHalfPrice":false,"IsOnlineOnly":false,"IsOnSpecial":false,"InstoreIsOnSpecial":false,"IsEdrSpecial":false,"SavingsAmount":0.00,"InstoreSavingsAmount":0.00,"WasPrice":2.95,"InstoreWasPrice":2.95,"QuantityInTrolley":0,"Unit":"Each","MinimumQuantity":1,"HasBeenBoughtBefore":false,"IsInTrolley":false,"Source":"Aisle.Freezer","SupplyLimit":13,"ProductLimit":50,"MaxSupplyLimitMessage":"13 item(s) left","IsRanged":true,"IsInStock":true,"PackageSize":"1Kg","IsPmDelivery":true,"IsForCollection":true,"IsForDelivery":true,"IsForExpress":true,"ProductRestrictionMessage":null,"ProductWarningMessage":null,"CentreTag":{"TagContent":null,"TagLink":null,"FallbackText":null,"TagType":"None","MultibuyData":null,"TagContentText":null,"DualImageTagContent":null,"PromotionType":"NOT_SET","IsRegisteredRewardCardPromotion":false},"IsCentreTag":false,"ImageTag":{"TagContent":null,"TagLink":null,"FallbackText":"","TagType":"None","MultibuyData":null,"TagContentText":null,"DualImageTagContent":null,"PromotionType":"NOT_SET","IsRegisteredRewardCardPromotion":false},"HeaderTag":{"BackgroundColor":"#c20016","BorderColor":"#c20016","TextColor":"#fff","Content":"LOW PRICE","TagLink":null,"Promotion":"LowPrice"},"HasHeaderTag":true,"UnitWeightInGrams":0,"SupplyLimitMessage":"'Woolworths Pastry Shortcrust' has a supply limit of 13. The quantity in your cart has been reduced accordingly. To purchase a larger quantity, please contact us on 1800 000 610. Please note we do not supply trade orders.","SmallFormatDescription":"Woolworths Pastry Shortcrust","FullDescription":"Woolworths Pastry Shortcrust","IsAvailable":true,"InstoreIsAvailable":true,"IsPurchasable":true,"InstoreIsPurchasable":true,"AgeRestricted":false,"DisplayQuantity":1,"RichDescription":null,"HideWasSavedPrice":false,"SapCategories":null,"Brand":"Woolworths","IsRestrictedByDeliveryMethod":false,"FooterTag":{"TagContent":"Lower Price Always","TagLink":null,"FallbackText":null,"TagType":"Html","MultibuyData":null,"TagContentText":null,"DualImageTagContent":null,"PromotionType":"NOT_SET","IsRegisteredRewardCardPromotion":false},"IsFooterEnabled":true,"Diagnostics":"17","IsBundle":false,"IsInFamily":false,"ChildProducts":null,"UrlOverride":null,"AdditionalAttributes":{"boxedcontents":null,"addedvitaminsandminerals":"False","sapdepartmentname":"GROCERIES","spf":null,"haircolour":null,"lifestyleanddietarystatement":"Low Sugar","sapcategoryname":"FREEZER - DESSERTS & PASTRY","skintype":null,"importantinformation":null,"allergystatement":"No Artificial Preservatives","productdepthmm":null,"skincondition":null,"ophthalmologistapproved":null,"healthstarrating":"2.5","hairtype":null,"fragrance-free":null,"sapsegmentname":"PASTRY - SHORTCRUST","suitablefor":null,"PiesProductDepartmentsjson":"[{\"Id\":\"1_ACA2FC2\",\"Description\":\"Freezer\"}]","piessubcategorynamesjson":"[\"Pastry Sheets\",\"Pastry Sheets\",\"Dessert Pies & Pastries\"]","sapsegmentno":"9","productwidthmm":null,"contains":null,"sapsubcategoryname":"FREEZER - DESSERTS & PASTRY","dermatologisttested":null,"wool_productpackaging":null,"dermatologicallyapproved":null,"specialsgroupid":null,"productimages":"763596.jpg,763596_2.jpg","productheightmm":null,"r&r_hidereviews":null,"microwavesafe":"False","paba-free":null,"lifestyleclaim":"Vegetarian","alcoholfree":null,"tgawarning":null,"activeconstituents":null,"microwaveable":"False","soap-free":null,"countryoforigin":null,"isexcludedfromsubstitution":"False","productimagecount":"2","r&r_loggedinreviews":null,"anti-dandruff":null,"servingsize-total-nip":null,"tgahealthwarninglink":null,"allergenmaybepresent":"Soybean","PiesProductDepartmentNodeId":"1_ACA2FC2","parabenfree":"False","vendorarticleid":null,"containsgluten":"False","containsnuts":"False","ingredients":"Wheat Flour, Vegetable Margarine (Palm Oil, Water, Salt, Vegetable Emusifiers (471, 472c), Natural Flavour, Antioxidant (304), Natural Colour (160a)), Water, Salt, Acidity Regulator (Citric Acid), Baking Powder (Rice Flour, Mineral Salts (450, 500))","colour":null,"manufacturer":null,"sapcategoryno":"98","storageinstructions":"Keep Frozen","tgawarnings":null,"piesdepartmentnamesjson":"[\"Freezer\"]","brand":"woolworths","oilfree":null,"fragrance":null,"antibacterial":"False","non-comedogenic":null,"antiseptic":"False","bpafree":"False","vendorcostprice":null,"description":null,"sweatresistant":null,"sapsubcategoryno":"12","claims":null,"antioxidant":"False","phbalanced":null,"wool_dietaryclaim":"Free From Artificial Colour\rFree From Artificial Flavour\rFree From Artificial Preservatives","ophthalmologisttested":null,"sulfatefree":"False","servingsperpack-total-nip":null,"piescategorynamesjson":"[\"Frozen Party Food\",\"Frozen Desserts\"]","nutritionalinformation":"{\"Name\":\"Nutritional Information\",\"Attributes\":[{\"Id\":702,\"Name\":\"Calcium Quantity Per 100g - Total - NIP\",\"Value\":\"10mg\",\"Description\":\"Calcium Quantity Per 100g - Total - NIP\",\"SortOrder\":71},{\"Id\":47,\"Name\":\"Calcium Quantity Per Serve - Total - NIP\",\"Value\":\"10mg\",\"Description\":\"Calcium Quantity Per Serve - Total - NIP\",\"SortOrder\":75},{\"Id\":705,\"Name\":\"Carbohydrate Quantity Per 100g - Total - NIP\",\"Value\":\"Approx.40.2g\",\"Description\":\"Carbohydrate Quantity Per 100g - Total - NIP\",\"SortOrder\":83},{\"Id\":706,\"Name\":\"Carbohydrate Quantity Per Serve - Total - NIP\",\"Value\":\"Approx.20.1g\",\"Description\":\"Carbohydrate Quantity Per Serve - Total - NIP\",\"SortOrder\":87},{\"Id\":714,\"Name\":\"Cholesterol Quantity Per 100g - Total - NIP\",\"Value\":\"29mg\",\"Description\":\"Cholesterol Quantity Per 100g - Total - NIP\",\"SortOrder\":111},{\"Id\":125,\"Name\":\"Cholesterol Quantity Per Serve - Total - NIP\",\"Value\":\"29mg\",\"Description\":\"Cholesterol Quantity Per Serve - Total - NIP\",\"SortOrder\":115},{\"Id\":191,\"Name\":\"Dietary Fibre Quantity Per 100g - Total - NIP\",\"Value\":\"Approx.6.4g\",\"Description\":\"Dietary Fibre Quantity Per 100g - Total - NIP\",\"SortOrder\":175},{\"Id\":120,\"Name\":\"Dietary Fibre Quantity Per Serve - Total - NIP\",\"Value\":\"Approx.3.2g\",\"Description\":\"Dietary Fibre Quantity Per Serve - Total - NIP\",\"SortOrder\":179},{\"Id\":759,\"Name\":\"Energy kJ Quantity Per 100g - Total - NIP\",\"Value\":\"Approx.1560kJ\",\"Description\":\"Energy kJ Quantity Per 100g - Total - NIP\",\"SortOrder\":239},{\"Id\":760,\"Name\":\"Energy kJ Quantity Per Serve - Total - NIP\",\"Value\":\"Approx.780kJ\",\"Description\":\"Energy kJ Quantity Per Serve - Total - NIP\",\"SortOrder\":243},{\"Id\":253,\"Name\":\"Fat Saturated Quantity Per 100g - Total - NIP\",\"Value\":\"Approx.10.4g\",\"Description\":\"Fat Saturated Quantity Per 100g - Total - NIP\",\"SortOrder\":251},{\"Id\":258,\"Name\":\"Fat Saturated Quantity Per Serve - Total - NIP\",\"Value\":\"Approx.5.2g\",\"Description\":\"Fat Saturated Quantity Per Serve - Total - NIP\",\"SortOrder\":255},{\"Id\":764,\"Name\":\"Fat Total Quantity Per 100g - Total - NIP\",\"Value\":\"Approx.19.4g\",\"Description\":\"Fat Total Quantity Per 100g - Total - NIP\",\"SortOrder\":263},{\"Id\":166,\"Name\":\"Fat Total Quantity Per 100g - ValueWord - NIP\",\"Value\":\"19.4\",\"Description\":\"Fat Total Quantity Per 100g - ValueWord - NIP\",\"SortOrder\":264},{\"Id\":264,\"Name\":\"Fat Total Quantity Per Serve - Total - NIP\",\"Value\":\"Approx.9.7g\",\"Description\":\"Fat Total Quantity Per Serve - Total - NIP\",\"SortOrder\":267},{\"Id\":402,\"Name\":\"Monounsaturated Quantity Per 100g - Total - NIP\",\"Value\":\"9.24g\",\"Description\":\"Monounsaturated Quantity Per 100g - Total - NIP\",\"SortOrder\":479},{\"Id\":834,\"Name\":\"Monounsaturated Quantity Per Serve - Total - NIP\",\"Value\":\"9.24g\",\"Description\":\"Monounsaturated Quantity Per Serve - Total - NIP\",\"SortOrder\":483},{\"Id\":434,\"Name\":\"Polyunsaturated Quantity Per 100g - Total - NIP\",\"Value\":\"2.1g\",\"Description\":\"Polyunsaturated Quantity Per 100g - Total - NIP\",\"SortOrder\":563},{\"Id\":435,\"Name\":\"Polyunsaturated Quantity Per Serve - Total - NIP\",\"Value\":\"2.1g\",\"Description\":\"Polyunsaturated Quantity Per Serve - Total - NIP\",\"SortOrder\":567},{\"Id\":443,\"Name\":\"Potassium Quantity Per 100g - Total - NIP\",\"Value\":\"60mg\",\"Description\":\"Potassium Quantity Per 100g - Total - NIP\",\"SortOrder\":575},{\"Id\":493,\"Name\":\"Potassium Quantity Per Serve - Total - NIP\",\"Value\":\"60mg\",\"Description\":\"Potassium Quantity Per Serve - Total - NIP\",\"SortOrder\":579},{\"Id\":878,\"Name\":\"Protein Quantity Per 100g - Total - NIP\",\"Value\":\"Approx.6.3g\",\"Description\":\"Protein Quantity Per 100g - Total - NIP\",\"SortOrder\":587},{\"Id\":882,\"Name\":\"Protein Quantity Per Serve - Total - NIP\",\"Value\":\"Approx.3.2g\",\"Description\":\"Protein Quantity Per Serve - Total - NIP\",\"SortOrder\":591},{\"Id\":477,\"Name\":\"Serving Size - Total - NIP\",\"Value\":\"50g\",\"Description\":\"Serving Size - Total - NIP\",\"SortOrder\":607},{\"Id\":544,\"Name\":\"Servings Per Pack - Total - NIP\",\"Value\":\"20\",\"Description\":\"Servings Per Pack - Total - NIP\",\"SortOrder\":611},{\"Id\":491,\"Name\":\"Sodium Quantity Per 100g - Total - NIP\",\"Value\":\"Approx.345mg\",\"Description\":\"Sodium Quantity Per 100g - Total - NIP\",\"SortOrder\":623},{\"Id\":495,\"Name\":\"Sodium Quantity Per Serve - Total - NIP\",\"Value\":\"Approx.172mg\",\"Description\":\"Sodium Quantity Per Serve - Total - NIP\",\"SortOrder\":627},{\"Id\":907,\"Name\":\"Sugars Quantity Per 100g - Prefix - NIP\",\"Value\":\"Approx. \",\"Description\":\"Sugars Quantity Per 100g - Prefix - NIP\",\"SortOrder\":645},{\"Id\":908,\"Name\":\"Sugars Quantity Per 100g - SuffixUnits - NIP\",\"Value\":\"g\",\"Description\":\"Sugars Quantity Per 100g - SuffixUnits - NIP\",\"SortOrder\":646},{\"Id\":909,\"Name\":\"Sugars Quantity Per 100g - Total - NIP\",\"Value\":\"Approx.0.8g\",\"Description\":\"Sugars Quantity Per 100g - Total - NIP\",\"SortOrder\":647},{\"Id\":910,\"Name\":\"Sugars Quantity Per 100g - ValueWord - NIP\",\"Value\":\"0.8\",\"Description\":\"Sugars Quantity Per 100g - ValueWord - NIP\",\"SortOrder\":648},{\"Id\":504,\"Name\":\"Sugars Quantity Per Serve - Prefix - NIP\",\"Value\":\"Approx. \",\"Description\":\"Sugars Quantity Per Serve - Prefix - NIP\",\"SortOrder\":649},{\"Id\":911,\"Name\":\"Sugars Quantity Per Serve - SuffixUnits - NIP\",\"Value\":\"g\",\"Description\":\"Sugars Quantity Per Serve - SuffixUnits - NIP\",\"SortOrder\":650},{\"Id\":912,\"Name\":\"Sugars Quantity Per Serve - Total - NIP\",\"Value\":\"Approx.0.4g\",\"Description\":\"Sugars Quantity Per Serve - Total - NIP\",\"SortOrder\":651},{\"Id\":572,\"Name\":\"Sugars Quantity Per Serve - ValueWord - NIP\",\"Value\":\"0.4\",\"Description\":\"Sugars Quantity Per Serve - ValueWord - NIP\",\"SortOrder\":652},{\"Id\":593,\"Name\":\"Trans Quantity Per 100g - Total - NIP\",\"Value\":\"<1g\",\"Description\":\"Trans Quantity Per 100g - Total - NIP\",\"SortOrder\":667},{\"Id\":510,\"Name\":\"Trans Quantity Per Serve - Total - NIP\",\"Value\":\"<0.1g\",\"Description\":\"Trans Quantity Per Serve - Total - NIP\",\"SortOrder\":671}]}","ovencook":"False","vegetarian":"False","hypo-allergenic":null,"timer":null,"dermatologistrecommended":null,"sapdepartmentno":"5","allergencontains":"Soy, Gluten","waterresistant":null,"friendlydisclaimer":null,"recyclableinformation":null,"usageinstructions":null,"freezable":"False"},"DetailsImagePaths":["https://cdn0.woolworths.media/content/wowproductimages/large/763596.jpg"],"Variety":"Shortcrust","Rating":{"ReviewCount":305,"RatingCount":305,"RatingSum":1342,"OneStarCount":2,"TwoStarCount":10,"ThreeStarCount":15,"FourStarCount":115,"FiveStarCount":163,"Average":4.4,"OneStarPercentage":0.655737704918033,"TwoStarPercentage":3.27868852459016,"ThreeStarPercentage":4.91803278688525,"FourStarPercentage":37.7049180327869,"FiveStarPercentage":53.4426229508197},"HasProductSubs":false,"IsSponsoredAd":false,"AdID":null,"AdIndex":null,"IsMarketProduct":false,"IsGiftable":false,"Vendor":null,"Untraceable":false,"ThirdPartyProductInfo":null,"MarketFeatures":null,"MarketSpecifications":null,"SupplyLimitSource":"StockQuantity","Tags":[{"Content":{"Type":"Label","Position":"Top","Attributes":{"Text":"LOW PRICE","Promotion":"LowPrice","BackgroundColor":"#c20016","BorderColor":"#c20016","TextColor":"#fff"}},"TemplateId":null,"Metadata":null}],"IsPersonalisedByPurchaseHistory":false,"IsFromFacetedSearch":false,"NextAvailabilityDate":null,"NumberOfSubstitutes":0,"IsPrimaryVariant":false,"VariantGroupId":0,"HasVariants":false,"VariantTitle":null,"IsTobacco":false}],"Name":"Woolworths Pastry Shortcrust","DisplayName":"Woolworths Pastry Shortcrust 1kg"},{"Products":[{"TileID":0,"Stockcode":768559,"Barcode":"9300633450328","GtinFormat":13,"CupPrice":6,"InstoreCupPrice":6,"CupMeasure":"1KG","CupString":"$6.00 / 1KG","InstoreCupString":"$6.00 / 1KG","HasCupPrice":true,"InstoreHasCupPrice":true,"Price":3,"InstorePrice":3,"Name":"Woolworths Broccoli Florets","DisplayName":"Woolworths Broccoli Florets 500g","UrlFriendlyName":"woolworths-broccoli-florets","Description":" Woolworths Broccoli Florets 500G","SmallImageFile":"https://cdn0.woolworths.media/content/wowproductimages/small/768559.jpg","MediumImageFile":"https://cdn0.woolworths.media/content/wowproductimages/medium/768559.jpg","LargeImageFile":"https://cdn0.woolworths.media/content/wowproductimages/large/768559.jpg","IsNew":false,"IsHalfPrice":false,"IsOnlineOnly":false,"IsOnSpecial":false,"InstoreIsOnSpecial":false,"IsEdrSpecial":false,"SavingsAmount":0,"InstoreSavingsAmount":0,"WasPrice":3,"InstoreWasPrice":3,"QuantityInTrolley":0,"Unit":"Each","MinimumQuantity":1,"HasBeenBoughtBefore":false,"IsInTrolley":false,"Source":"Aisle.Freezer","SupplyLimit":16,"ProductLimit":50,"MaxSupplyLimitMessage":"16 item(s) left","IsRanged":true,"IsInStock":true,"PackageSize":"500G","IsPmDelivery":true,"IsForCollection":true,"IsForDelivery":true,"IsForExpress":true,"ProductRestrictionMessage":null,"ProductWarningMessage":null,"CentreTag":{"TagContent":null,"TagLink":null,"FallbackText":null,"TagType":"None","MultibuyData":null,"TagContentText":null,"DualImageTagContent":null,"PromotionType":"NOT_SET","IsRegisteredRewardCardPromotion":false},"IsCentreTag":false,"ImageTag":{"TagContent":null,"TagLink":null,"FallbackText":"","TagType":"None","MultibuyData":null,"TagContentText":null,"DualImageTagContent":null,"PromotionType":"NOT_SET","IsRegisteredRewardCardPromotion":false},"HeaderTag":null,"HasHeaderTag":false,"UnitWeightInGrams":0,"SupplyLimitMessage":"'Woolworths Broccoli Florets' has a supply limit of 16. The quantity in your cart has been reduced accordingly. To purchase a larger quantity, please contact us on 1800 000 610. Please note we do not supply trade orders.","SmallFormatDescription":"Woolworths Broccoli Florets","FullDescription":"Woolworths Broccoli Florets","IsAvailable":true,"InstoreIsAvailable":true,"IsPurchasable":true,"InstoreIsPurchasable":true,"AgeRestricted":false,"DisplayQuantity":1,"RichDescription":null,"HideWasSavedPrice":false,"SapCategories":null,"Brand":"Woolworths","IsRestrictedByDeliveryMethod":false,"FooterTag":{"TagContent":null,"TagLink":null,"FallbackText":null,"TagType":"None","MultibuyData":null,"TagContentText":null,"DualImageTagContent":null,"PromotionType":"NOT_SET","IsRegisteredRewardCardPromotion":false},"IsFooterEnabled":true,"Diagnostics":"18","IsBundle":false,"IsInFamily":false,"ChildProducts":null,"UrlOverride":null,"AdditionalAttributes":{"boxedcontents":null,"addedvitaminsandminerals":"False","sapdepartmentname":"GROCERIES","spf":null,"haircolour":null,"lifestyleanddietarystatement":"Low Fat","sapcategoryname":"FROZEN MEALS","skintype":null,"importantinformation":null,"allergystatement":"Lactose Free","productdepthmm":null,"skincondition":null,"ophthalmologistapproved":null,"healthstarrating":"5","hairtype":null,"fragrance-free":null,"sapsegmentname":"BROCCOLI","suitablefor":null,"PiesProductDepartmentsjson":"[{\"Id\":\"1_ACA2FC2\",\"Description\":\"Freezer\"},{\"Id\":\"1_D5A2236\",\"Description\":\"Poultry, Meat & Seafood\"},{\"Id\":\"1_49D9295\",\"Description\":\"Father's Day\"}]","piessubcategorynamesjson":"[\"Other Vegetables\",\"Gluten Free\",\"Lunch Essentials\"]","sapsegmentno":"4","productwidthmm":null,"contains":null,"sapsubcategoryname":"FREEZER - VEGETABLES","dermatologisttested":null,"wool_productpackaging":null,"dermatologicallyapproved":null,"specialsgroupid":null,"productimages":"768559.jpg,768559_1.jpg,768559_2.jpg","productheightmm":null,"r&r_hidereviews":null,"microwavesafe":"False","paba-free":null,"lifestyleclaim":null,"alcoholfree":null,"tgawarning":null,"activeconstituents":null,"microwaveable":"False","soap-free":null,"countryoforigin":null,"isexcludedfromsubstitution":"False","productimagecount":"3","r&r_loggedinreviews":null,"anti-dandruff":null,"servingsize-total-nip":null,"tgahealthwarninglink":null,"allergenmaybepresent":null,"PiesProductDepartmentNodeId":"1_ACA2FC2","parabenfree":"False","vendorarticleid":null,"containsgluten":"False","containsnuts":"False","ingredients":"Broccoli Florets (100%).","colour":null,"manufacturer":null,"sapcategoryno":"97","storageinstructions":"Keep frozen at below -18°C. Once thawed do not refreeze.","tgawarnings":null,"piesdepartmentnamesjson":"[\"Freezer\",\"Poultry, Meat & Seafood\",\"Father's Day\"]","brand":"woolworths","oilfree":null,"fragrance":null,"antibacterial":"False","non-comedogenic":null,"antiseptic":"False","bpafree":"False","vendorcostprice":null,"description":"<p>The Woolworths Select range of frozen vegetables are snap frozen to lock in the freshness and flavour -a convenient and nutritious way to enjoy vegetables. </p>","sweatresistant":null,"sapsubcategoryno":"103","claims":null,"antioxidant":"False","phbalanced":null,"wool_dietaryclaim":null,"ophthalmologisttested":null,"sulfatefree":"False","servingsperpack-total-nip":null,"piescategorynamesjson":"[\"Frozen Vegetables\",\"Frozen Gluten Free\",\"Homemade Meals\"]","nutritionalinformation":"{\"Name\":\"Nutritional Information\",\"Attributes\":[{\"Id\":702,\"Name\":\"Calcium Quantity Per 100g - Total - NIP\",\"Value\":\"32mg\",\"Description\":\"Calcium Quantity Per 100g - Total - NIP\",\"SortOrder\":71},{\"Id\":47,\"Name\":\"Calcium Quantity Per Serve - Total - NIP\",\"Value\":\"24mg\",\"Description\":\"Calcium Quantity Per Serve - Total - NIP\",\"SortOrder\":75},{\"Id\":705,\"Name\":\"Carbohydrate Quantity Per 100g - Total - NIP\",\"Value\":\"2.0g\",\"Description\":\"Carbohydrate Quantity Per 100g - Total - NIP\",\"SortOrder\":83},{\"Id\":706,\"Name\":\"Carbohydrate Quantity Per Serve - Total - NIP\",\"Value\":\"1.5g\",\"Description\":\"Carbohydrate Quantity Per Serve - Total - NIP\",\"SortOrder\":87},{\"Id\":191,\"Name\":\"Dietary Fibre Quantity Per 100g - Total - NIP\",\"Value\":\"4.1g\",\"Description\":\"Dietary Fibre Quantity Per 100g - Total - NIP\",\"SortOrder\":175},{\"Id\":120,\"Name\":\"Dietary Fibre Quantity Per Serve - Total - NIP\",\"Value\":\"3.0g\",\"Description\":\"Dietary Fibre Quantity Per Serve - Total - NIP\",\"SortOrder\":179},{\"Id\":759,\"Name\":\"Energy kJ Quantity Per 100g - Total - NIP\",\"Value\":\"124kJ\",\"Description\":\"Energy kJ Quantity Per 100g - Total - NIP\",\"SortOrder\":239},{\"Id\":760,\"Name\":\"Energy kJ Quantity Per Serve - Total - NIP\",\"Value\":\"93kJ\",\"Description\":\"Energy kJ Quantity Per Serve - Total - NIP\",\"SortOrder\":243},{\"Id\":253,\"Name\":\"Fat Saturated Quantity Per 100g - Total - NIP\",\"Value\":\"<1.0g\",\"Description\":\"Fat Saturated Quantity Per 100g - Total - NIP\",\"SortOrder\":251},{\"Id\":258,\"Name\":\"Fat Saturated Quantity Per Serve - Total - NIP\",\"Value\":\"<1.0g\",\"Description\":\"Fat Saturated Quantity Per Serve - Total - NIP\",\"SortOrder\":255},{\"Id\":764,\"Name\":\"Fat Total Quantity Per 100g - Total - NIP\",\"Value\":\"<1.0g\",\"Description\":\"Fat Total Quantity Per 100g - Total - NIP\",\"SortOrder\":263},{\"Id\":166,\"Name\":\"Fat Total Quantity Per 100g - ValueWord - NIP\",\"Value\":\"1.0\",\"Description\":\"Fat Total Quantity Per 100g - ValueWord - NIP\",\"SortOrder\":264},{\"Id\":264,\"Name\":\"Fat Total Quantity Per Serve - Total - NIP\",\"Value\":\"<1.0g\",\"Description\":\"Fat Total Quantity Per Serve - Total - NIP\",\"SortOrder\":267},{\"Id\":443,\"Name\":\"Potassium Quantity Per 100g - Total - NIP\",\"Value\":\"336mg\",\"Description\":\"Potassium Quantity Per 100g - Total - NIP\",\"SortOrder\":575},{\"Id\":493,\"Name\":\"Potassium Quantity Per Serve - Total - NIP\",\"Value\":\"252mg\",\"Description\":\"Potassium Quantity Per Serve - Total - NIP\",\"SortOrder\":579},{\"Id\":878,\"Name\":\"Protein Quantity Per 100g - Total - NIP\",\"Value\":\"2.7g\",\"Description\":\"Protein Quantity Per 100g - Total - NIP\",\"SortOrder\":587},{\"Id\":882,\"Name\":\"Protein Quantity Per Serve - Total - NIP\",\"Value\":\"2.0g\",\"Description\":\"Protein Quantity Per Serve - Total - NIP\",\"SortOrder\":591},{\"Id\":477,\"Name\":\"Serving Size - Total - NIP\",\"Value\":\"75g\",\"Description\":\"Serving Size - Total - NIP\",\"SortOrder\":607},{\"Id\":544,\"Name\":\"Servings Per Pack - Total - NIP\",\"Value\":\"6\",\"Description\":\"Servings Per Pack - Total - NIP\",\"SortOrder\":611},{\"Id\":491,\"Name\":\"Sodium Quantity Per 100g - Total - NIP\",\"Value\":\"28mg\",\"Description\":\"Sodium Quantity Per 100g - Total - NIP\",\"SortOrder\":623},{\"Id\":495,\"Name\":\"Sodium Quantity Per Serve - Total - NIP\",\"Value\":\"14mg\",\"Description\":\"Sodium Quantity Per Serve - Total - NIP\",\"SortOrder\":627},{\"Id\":907,\"Name\":\"Sugars Quantity Per 100g - Prefix - NIP\",\"Value\":null,\"Description\":\"Sugars Quantity Per 100g - Prefix - NIP\",\"SortOrder\":645},{\"Id\":908,\"Name\":\"Sugars Quantity Per 100g - SuffixUnits - NIP\",\"Value\":\"g\",\"Description\":\"Sugars Quantity Per 100g - SuffixUnits - NIP\",\"SortOrder\":646},{\"Id\":909,\"Name\":\"Sugars Quantity Per 100g - Total - NIP\",\"Value\":\"1.4g\",\"Description\":\"Sugars Quantity Per 100g - Total - NIP\",\"SortOrder\":647},{\"Id\":910,\"Name\":\"Sugars Quantity Per 100g - ValueWord - NIP\",\"Value\":\"1.4\",\"Description\":\"Sugars Quantity Per 100g - ValueWord - NIP\",\"SortOrder\":648},{\"Id\":504,\"Name\":\"Sugars Quantity Per Serve - Prefix - NIP\",\"Value\":null,\"Description\":\"Sugars Quantity Per Serve - Prefix - NIP\",\"SortOrder\":649},{\"Id\":911,\"Name\":\"Sugars Quantity Per Serve - SuffixUnits - NIP\",\"Value\":\"g\",\"Description\":\"Sugars Quantity Per Serve - SuffixUnits - NIP\",\"SortOrder\":650},{\"Id\":912,\"Name\":\"Sugars Quantity Per Serve - Total - NIP\",\"Value\":\"1.0g\",\"Description\":\"Sugars Quantity Per Serve - Total - NIP\",\"SortOrder\":651},{\"Id\":572,\"Name\":\"Sugars Quantity Per Serve - ValueWord - NIP\",\"Value\":\"1.0\",\"Description\":\"Sugars Quantity Per Serve - ValueWord - NIP\",\"SortOrder\":652}]}","ovencook":"False","vegetarian":"False","hypo-allergenic":null,"timer":null,"dermatologistrecommended":null,"sapdepartmentno":"5","allergencontains":null,"waterresistant":null,"friendlydisclaimer":null,"recyclableinformation":null,"usageinstructions":null,"freezable":"False"},"DetailsImagePaths":["https://cdn0.woolworths.media/content/wowproductimages/large/768559.jpg"],"Variety":"Florets","Rating":{"ReviewCount":687,"RatingCount":687,"RatingSum":2998,"OneStarCount":11,"TwoStarCount":19,"ThreeStarCount":70,"FourStarCount":196,"FiveStarCount":391,"Average":4.36390101892285,"OneStarPercentage":1.60116448326055,"TwoStarPercentage":2.76564774381368,"ThreeStarPercentage":10.1892285298399,"FourStarPercentage":28.5298398835517,"FiveStarPercentage":56.9141193595342},"HasProductSubs":false,"IsSponsoredAd":false,"AdID":null,"AdIndex":null,"IsMarketProduct":false,"IsGiftable":false,"Vendor":null,"Untraceable":false,"ThirdPartyProductInfo":null,"MarketFeatures":null,"MarketSpecifications":null,"SupplyLimitSource":"StockQuantity","Tags":null,"IsPersonalisedByPurchaseHistory":false,"IsFromFacetedSearch":false,"NextAvailabilityDate":null,"NumberOfSubstitutes":0,"IsPrimaryVariant":false,"VariantGroupId":0,"HasVariants":false,"VariantTitle":null,"IsTobacco":false}],"Name":"Woolworths Broccoli Florets","DisplayName":"Woolworths Broccoli Florets 500g"},{"Products":[{"TileID":0,"Stockcode":768583,"Barcode":"9300633450458","GtinFormat":13,"CupPrice":6,"InstoreCupPrice":6,"CupMeasure":"1KG","CupString":"$6.00 / 1KG","InstoreCupString":"$6.00 / 1KG","HasCupPrice":true,"InstoreHasCupPrice":true,"Price":3,"InstorePrice":3,"Name":"Woolworths Brussels Sprouts","DisplayName":"Woolworths Brussels Sprouts 500g","UrlFriendlyName":"woolworths-brussels-sprouts","Description":" Woolworths Brussels Sprouts 500G","SmallImageFile":"https://cdn0.woolworths.media/content/wowproductimages/small/768583.jpg","MediumImageFile":"https://cdn0.woolworths.media/content/wowproductimages/medium/768583.jpg","LargeImageFile":"https://cdn0.woolworths.media/content/wowproductimages/large/768583.jpg","IsNew":false,"IsHalfPrice":false,"IsOnlineOnly":false,"IsOnSpecial":false,"InstoreIsOnSpecial":false,"IsEdrSpecial":false,"SavingsAmount":0,"InstoreSavingsAmount":0,"WasPrice":3,"InstoreWasPrice":3,"QuantityInTrolley":0,"Unit":"Each","MinimumQuantity":1,"HasBeenBoughtBefore":false,"IsInTrolley":false,"Source":"Aisle.Freezer","SupplyLimit":10,"ProductLimit":50,"MaxSupplyLimitMessage":"10 item(s) left","IsRanged":true,"IsInStock":true,"PackageSize":"500G","IsPmDelivery":true,"IsForCollection":true,"IsForDelivery":true,"IsForExpress":true,"ProductRestrictionMessage":null,"ProductWarningMessage":null,"CentreTag":{"TagContent":null,"TagLink":null,"FallbackText":null,"TagType":"None","MultibuyData":null,"TagContentText":null,"DualImageTagContent":null,"PromotionType":"NOT_SET","IsRegisteredRewardCardPromotion":false},"IsCentreTag":false,"ImageTag":{"TagContent":null,"TagLink":null,"FallbackText":"","TagType":"None","MultibuyData":null,"TagContentText":null,"DualImageTagContent":null,"PromotionType":"NOT_SET","IsRegisteredRewardCardPromotion":false},"HeaderTag":{"BackgroundColor":"#c20016","BorderColor":"#c20016","TextColor":"#fff","Content":"LOW PRICE","TagLink":null,"Promotion":"LowPrice"},"HasHeaderTag":true,"UnitWeightInGrams":0,"SupplyLimitMessage":"'Woolworths Brussels Sprouts' has a supply limit of 10. The quantity in your cart has been reduced accordingly. To purchase a larger quantity, please contact us on 1800 000 610. Please note we do not supply trade orders.","SmallFormatDescription":"Woolworths Brussels Sprouts","FullDescription":"Woolworths Brussels Sprouts","IsAvailable":true,"InstoreIsAvailable":true,"IsPurchasable":true,"InstoreIsPurchasable":true,"AgeRestricted":false,"DisplayQuantity":1,"RichDescription":null,"HideWasSavedPrice":false,"SapCategories":null,"Brand":"Woolworths","IsRestrictedByDeliveryMethod":false,"FooterTag":{"TagContent":"Lower Price Always","TagLink":null,"FallbackText":null,"TagType":"Html","MultibuyData":null,"TagContentText":null,"DualImageTagContent":null,"PromotionType":"NOT_SET","IsRegisteredRewardCardPromotion":false},"IsFooterEnabled":true,"Diagnostics":"19","IsBundle":false,"IsInFamily":false,"ChildProducts":null,"UrlOverride":null,"AdditionalAttributes":{"boxedcontents":null,"addedvitaminsandminerals":"False","sapdepartmentname":"GROCERIES","spf":null,"haircolour":null,"lifestyleanddietarystatement":"Vegetarian","sapcategoryname":"FROZEN MEALS","skintype":null,"importantinformation":null,"allergystatement":"Egg Free","productdepthmm":null,"skincondition":null,"ophthalmologistapproved":null,"healthstarrating":"5","hairtype":null,"fragrance-free":null,"sapsegmentname":"BRUSSEL SPROUTS","suitablefor":null,"PiesProductDepartmentsjson":"[{\"Id\":\"1_ACA2FC2\",\"Description\":\"Freezer\"}]","piessubcategorynamesjson":"[\"Other Vegetables\",\"Gluten Free\"]","sapsegmentno":"5","productwidthmm":null,"contains":null,"sapsubcategoryname":"FREEZER - VEGETABLES","dermatologisttested":null,"wool_productpackaging":null,"dermatologicallyapproved":null,"specialsgroupid":null,"productimages":"768583.jpg,768583_1.jpg,768583_2.jpg","productheightmm":null,"r&r_hidereviews":null,"microwavesafe":"False","paba-free":null,"lifestyleclaim":null,"alcoholfree":null,"tgawarning":null,"activeconstituents":null,"microwaveable":"False","soap-free":null,"countryoforigin":null,"isexcludedfromsubstitution":"False","productimagecount":"3","r&r_loggedinreviews":null,"anti-dandruff":null,"servingsize-total-nip":null,"tgahealthwarninglink":null,"allergenmaybepresent":null,"PiesProductDepartmentNodeId":"1_ACA2FC2","parabenfree":"False","vendorarticleid":null,"containsgluten":"False","containsnuts":"False","ingredients":"Brussels Sprouts (100%).","colour":null,"manufacturer":null,"sapcategoryno":"97","storageinstructions":"Keep frozen at or below -18C.","tgawarnings":null,"piesdepartmentnamesjson":"[\"Freezer\"]","brand":"woolworths","oilfree":null,"fragrance":null,"antibacterial":"False","non-comedogenic":null,"antiseptic":"False","bpafree":"False","vendorcostprice":null,"description":"<p>The Woolworths Select range of frozen vegetables are snap frozen to lock in the freshness and flavour in a convenient and nutritious way to enjoy vegetables.</p>","sweatresistant":null,"sapsubcategoryno":"103","claims":null,"antioxidant":"False","phbalanced":null,"wool_dietaryclaim":null,"ophthalmologisttested":null,"sulfatefree":"False","servingsperpack-total-nip":null,"piescategorynamesjson":"[\"Frozen Vegetables\",\"Frozen Gluten Free\"]","nutritionalinformation":"{\"Name\":\"Nutritional Information\",\"Attributes\":[{\"Id\":702,\"Name\":\"Calcium Quantity Per 100g - Total - NIP\",\"Value\":\"15mg\",\"Description\":\"Calcium Quantity Per 100g - Total - NIP\",\"SortOrder\":71},{\"Id\":47,\"Name\":\"Calcium Quantity Per Serve - Total - NIP\",\"Value\":\"11.25mg\",\"Description\":\"Calcium Quantity Per Serve - Total - NIP\",\"SortOrder\":75},{\"Id\":705,\"Name\":\"Carbohydrate Quantity Per 100g - Total - NIP\",\"Value\":\"2.20g\",\"Description\":\"Carbohydrate Quantity Per 100g - Total - NIP\",\"SortOrder\":83},{\"Id\":706,\"Name\":\"Carbohydrate Quantity Per Serve - Total - NIP\",\"Value\":\"1.60g\",\"Description\":\"Carbohydrate Quantity Per Serve - Total - NIP\",\"SortOrder\":87},{\"Id\":191,\"Name\":\"Dietary Fibre Quantity Per 100g - Total - NIP\",\"Value\":\"4.70g\",\"Description\":\"Dietary Fibre Quantity Per 100g - Total - NIP\",\"SortOrder\":175},{\"Id\":120,\"Name\":\"Dietary Fibre Quantity Per Serve - Total - NIP\",\"Value\":\"3.50g\",\"Description\":\"Dietary Fibre Quantity Per Serve - Total - NIP\",\"SortOrder\":179},{\"Id\":759,\"Name\":\"Energy kJ Quantity Per 100g - Total - NIP\",\"Value\":\"154.00kJ\",\"Description\":\"Energy kJ Quantity Per 100g - Total - NIP\",\"SortOrder\":239},{\"Id\":760,\"Name\":\"Energy kJ Quantity Per Serve - Total - NIP\",\"Value\":\"116.00kJ\",\"Description\":\"Energy kJ Quantity Per Serve - Total - NIP\",\"SortOrder\":243},{\"Id\":253,\"Name\":\"Fat Saturated Quantity Per 100g - Total - NIP\",\"Value\":\"<1.00g\",\"Description\":\"Fat Saturated Quantity Per 100g - Total - NIP\",\"SortOrder\":251},{\"Id\":258,\"Name\":\"Fat Saturated Quantity Per Serve - Total - NIP\",\"Value\":\"<0.80g\",\"Description\":\"Fat Saturated Quantity Per Serve - Total - NIP\",\"SortOrder\":255},{\"Id\":764,\"Name\":\"Fat Total Quantity Per 100g - Total - NIP\",\"Value\":\"<1.00g\",\"Description\":\"Fat Total Quantity Per 100g - Total - NIP\",\"SortOrder\":263},{\"Id\":166,\"Name\":\"Fat Total Quantity Per 100g - ValueWord - NIP\",\"Value\":\"1.00\",\"Description\":\"Fat Total Quantity Per 100g - ValueWord - NIP\",\"SortOrder\":264},{\"Id\":264,\"Name\":\"Fat Total Quantity Per Serve - Total - NIP\",\"Value\":\"<0.80g\",\"Description\":\"Fat Total Quantity Per Serve - Total - NIP\",\"SortOrder\":267},{\"Id\":443,\"Name\":\"Potassium Quantity Per 100g - Total - NIP\",\"Value\":\"380mg\",\"Description\":\"Potassium Quantity Per 100g - Total - NIP\",\"SortOrder\":575},{\"Id\":493,\"Name\":\"Potassium Quantity Per Serve - Total - NIP\",\"Value\":\"285mg\",\"Description\":\"Potassium Quantity Per Serve - Total - NIP\",\"SortOrder\":579},{\"Id\":878,\"Name\":\"Protein Quantity Per 100g - Total - NIP\",\"Value\":\"4.00g\",\"Description\":\"Protein Quantity Per 100g - Total - NIP\",\"SortOrder\":587},{\"Id\":882,\"Name\":\"Protein Quantity Per Serve - Total - NIP\",\"Value\":\"3.00g\",\"Description\":\"Protein Quantity Per Serve - Total - NIP\",\"SortOrder\":591},{\"Id\":477,\"Name\":\"Serving Size - Total - NIP\",\"Value\":\"75.00g\",\"Description\":\"Serving Size - Total - NIP\",\"SortOrder\":607},{\"Id\":544,\"Name\":\"Servings Per Pack - Total - NIP\",\"Value\":\"6.00\",\"Description\":\"Servings Per Pack - Total - NIP\",\"SortOrder\":611},{\"Id\":491,\"Name\":\"Sodium Quantity Per 100g - Total - NIP\",\"Value\":\"30.00mg\",\"Description\":\"Sodium Quantity Per 100g - Total - NIP\",\"SortOrder\":623},{\"Id\":495,\"Name\":\"Sodium Quantity Per Serve - Total - NIP\",\"Value\":\"22.00mg\",\"Description\":\"Sodium Quantity Per Serve - Total - NIP\",\"SortOrder\":627},{\"Id\":907,\"Name\":\"Sugars Quantity Per 100g - Prefix - NIP\",\"Value\":null,\"Description\":\"Sugars Quantity Per 100g - Prefix - NIP\",\"SortOrder\":645},{\"Id\":908,\"Name\":\"Sugars Quantity Per 100g - SuffixUnits - NIP\",\"Value\":\"g\",\"Description\":\"Sugars Quantity Per 100g - SuffixUnits - NIP\",\"SortOrder\":646},{\"Id\":909,\"Name\":\"Sugars Quantity Per 100g - Total - NIP\",\"Value\":\"2.20g\",\"Description\":\"Sugars Quantity Per 100g - Total - NIP\",\"SortOrder\":647},{\"Id\":910,\"Name\":\"Sugars Quantity Per 100g - ValueWord - NIP\",\"Value\":\"2.20\",\"Description\":\"Sugars Quantity Per 100g - ValueWord - NIP\",\"SortOrder\":648},{\"Id\":504,\"Name\":\"Sugars Quantity Per Serve - Prefix - NIP\",\"Value\":null,\"Description\":\"Sugars Quantity Per Serve - Prefix - NIP\",\"SortOrder\":649},{\"Id\":911,\"Name\":\"Sugars Quantity Per Serve - SuffixUnits - NIP\",\"Value\":\"g\",\"Description\":\"Sugars Quantity Per Serve - SuffixUnits - NIP\",\"SortOrder\":650},{\"Id\":912,\"Name\":\"Sugars Quantity Per Serve - Total - NIP\",\"Value\":\"1.60g\",\"Description\":\"Sugars Quantity Per Serve - Total - NIP\",\"SortOrder\":651},{\"Id\":572,\"Name\":\"Sugars Quantity Per Serve - ValueWord - NIP\",\"Value\":\"1.60\",\"Description\":\"Sugars Quantity Per Serve - ValueWord - NIP\",\"SortOrder\":652}]}","ovencook":"False","vegetarian":"False","hypo-allergenic":null,"timer":null,"dermatologistrecommended":null,"sapdepartmentno":"5","allergencontains":null,"waterresistant":null,"friendlydisclaimer":null,"recyclableinformation":null,"usageinstructions":null,"freezable":"False"},"DetailsImagePaths":["https://cdn0.woolworths.media/content/wowproductimages/large/768583.jpg"],"Variety":"Sprouts","Rating":{"ReviewCount":194,"RatingCount":194,"RatingSum":861,"OneStarCount":7,"TwoStarCount":4,"ThreeStarCount":11,"FourStarCount":47,"FiveStarCount":125,"Average":4.43814432989691,"OneStarPercentage":3.60824742268041,"TwoStarPercentage":2.06185567010309,"ThreeStarPercentage":5.67010309278351,"FourStarPercentage":24.2268041237113,"FiveStarPercentage":64.4329896907217},"HasProductSubs":false,"IsSponsoredAd":false,"AdID":null,"AdIndex":null,"IsMarketProduct":false,"IsGiftable":false,"Vendor":null,"Untraceable":false,"ThirdPartyProductInfo":null,"MarketFeatures":null,"MarketSpecifications":null,"SupplyLimitSource":"StockQuantity","Tags":[{"Content":{"Type":"Label","Position":"Top","Attributes":{"Text":"LOW PRICE","Promotion":"LowPrice","BackgroundColor":"#c20016","BorderColor":"#c20016","TextColor":"#fff"}},"TemplateId":null,"Metadata":null}],"IsPersonalisedByPurchaseHistory":false,"IsFromFacetedSearch":false,"NextAvailabilityDate":null,"NumberOfSubstitutes":0,"IsPrimaryVariant":false,"VariantGroupId":0,"HasVariants":false,"VariantTitle":null,"IsTobacco":false}],"Name":"Woolworths Brussels Sprouts","DisplayName":"Woolworths Brussels Sprouts 500g"},{"Products":[{"TileID":0,"Stockcode":754183,"Barcode":"9300633415280","GtinFormat":13,"CupPrice":null,"InstoreCupPrice":null,"CupMeasure":"1KG","CupString":"","InstoreCupString":"","HasCupPrice":false,"InstoreHasCupPrice":false,"Price":null,"InstorePrice":null,"Name":"Woolworths Australian Baby Peas","DisplayName":"Woolworths Australian Baby Peas 500g","UrlFriendlyName":"woolworths-australian-baby-peas","Description":" Woolworths Australian Baby<br>Peas  500G","SmallImageFile":"https://cdn0.woolworths.media/content/wowproductimages/small/754183.jpg","MediumImageFile":"https://cdn0.woolworths.media/content/wowproductimages/medium/754183.jpg","LargeImageFile":"https://cdn0.woolworths.media/content/wowproductimages/large/754183.jpg","IsNew":false,"IsHalfPrice":false,"IsOnlineOnly":false,"IsOnSpecial":false,"InstoreIsOnSpecial":false,"IsEdrSpecial":false,"SavingsAmount":null,"InstoreSavingsAmount":null,"WasPrice":3,"InstoreWasPrice":3,"QuantityInTrolley":0,"Unit":"Each","MinimumQuantity":1,"HasBeenBoughtBefore":false,"IsInTrolley":false,"Source":"Aisle.Freezer","SupplyLimit":50,"ProductLimit":50,"MaxSupplyLimitMessage":"50 item limit","IsRanged":true,"IsInStock":false,"PackageSize":"500G","IsPmDelivery":true,"IsForCollection":true,"IsForDelivery":true,"IsForExpress":true,"ProductRestrictionMessage":null,"ProductWarningMessage":null,"CentreTag":{"TagContent":null,"TagLink":null,"FallbackText":null,"TagType":"None","MultibuyData":null,"TagContentText":null,"DualImageTagContent":null,"PromotionType":"NOT_SET","IsRegisteredRewardCardPromotion":false},"IsCentreTag":false,"ImageTag":{"TagContent":null,"TagLink":null,"FallbackText":null,"TagType":"None","MultibuyData":null,"TagContentText":null,"DualImageTagContent":null,"PromotionType":"NOT_SET","IsRegisteredRewardCardPromotion":false},"HeaderTag":null,"HasHeaderTag":false,"UnitWeightInGrams":0,"SupplyLimitMessage":"'Woolworths Australian Baby Peas' has a supply limit of 50. The quantity in your cart has been reduced accordingly. To purchase a larger quantity, please contact us on 1800 000 610. Please note we do not supply trade orders.","SmallFormatDescription":"Woolworths Australian Baby Peas ","FullDescription":"Woolworths Australian Baby Peas ","IsAvailable":false,"InstoreIsAvailable":false,"IsPurchasable":false,"InstoreIsPurchasable":false,"AgeRestricted":false,"DisplayQuantity":1,"RichDescription":null,"HideWasSavedPrice":true,"SapCategories":null,"Brand":"Woolworths","IsRestrictedByDeliveryMethod":false,"FooterTag":{"TagContent":null,"TagLink":null,"FallbackText":null,"TagType":"None","MultibuyData":null,"TagContentText":null,"DualImageTagContent":null,"PromotionType":"NOT_SET","IsRegisteredRewardCardPromotion":false},"IsFooterEnabled":true,"Diagnostics":"20","IsBundle":false,"IsInFamily":false,"ChildProducts":null,"UrlOverride":null,"AdditionalAttributes":{"boxedcontents":null,"addedvitaminsandminerals":"False","sapdepartmentname":"GROCERIES","spf":null,"haircolour":null,"lifestyleanddietarystatement":"Low Salt","sapcategoryname":"FROZEN MEALS","skintype":null,"importantinformation":null,"allergystatement":"Fish Free","productdepthmm":null,"skincondition":null,"ophthalmologistapproved":null,"healthstarrating":"5","hairtype":null,"fragrance-free":null,"sapsegmentname":"PEAS BABY","suitablefor":null,"PiesProductDepartmentsjson":"[{\"Id\":\"1_ACA2FC2\",\"Description\":\"Freezer\"}]","piessubcategorynamesjson":"[\"Beans & Peas\",\"Gluten Free\"]","sapsegmentno":"15","productwidthmm":null,"contains":null,"sapsubcategoryname":"FREEZER - VEGETABLES","dermatologisttested":null,"wool_productpackaging":null,"dermatologicallyapproved":null,"specialsgroupid":null,"productimages":"754183.jpg,754183_2.jpg","productheightmm":null,"r&r_hidereviews":null,"microwavesafe":"False","paba-free":null,"lifestyleclaim":null,"alcoholfree":null,"tgawarning":null,"activeconstituents":null,"microwaveable":"False","soap-free":null,"countryoforigin":null,"isexcludedfromsubstitution":"False","productimagecount":"2","r&r_loggedinreviews":null,"anti-dandruff":null,"servingsize-total-nip":null,"tgahealthwarninglink":null,"allergenmaybepresent":null,"PiesProductDepartmentNodeId":"1_ACA2FC2","parabenfree":"False","vendorarticleid":null,"containsgluten":"False","containsnuts":"False","ingredients":"Baby Peas (100%).","colour":null,"manufacturer":null,"sapcategoryno":"97","storageinstructions":"Keep Frozen at or below -18°C.<br>Once thawed, do not refreeze.","tgawarnings":null,"piesdepartmentnamesjson":"[\"Freezer\"]","brand":"woolworths","oilfree":null,"fragrance":null,"antibacterial":"False","non-comedogenic":null,"antiseptic":"False","bpafree":"False","vendorcostprice":null,"description":"<p>- Snap frozen to lock in the goodness.</p><p>- Source of Fibre for healthy digestion (As part of a healthy balanced diet).</p><p>- Source of Vitamin C for a healthy immune system (As part of a healthy balanced diet).</p><p>- No Artificial Colours, Flavours or Preservatives.</p><p>We're committed to bringing you good quality food. That's why all our products are tested by Woolworths shoppers, just like you.</p><p>1 serve of vegetables= 1/2 cup.</p><p>One serve of vegetables is equal to approximately 75g. Australian Dietary Guidelines recommend 5 serves of vegetables per day.</p><p>Proudly Homegrown</p><p>Bringing you 100%  vegetables all year round with the help of farmers like Simon, Tom and Sam. Our vegetables are grown, picked, snap-frozen and packaged with care to deliver a great product to you and your families.</p>","sweatresistant":null,"sapsubcategoryno":"103","claims":null,"antioxidant":"False","phbalanced":null,"wool_dietaryclaim":null,"ophthalmologisttested":null,"sulfatefree":"False","servingsperpack-total-nip":null,"piescategorynamesjson":"[\"Frozen Vegetables\",\"Frozen Gluten Free\"]","nutritionalinformation":"{\"Name\":\"Nutritional Information\",\"Attributes\":[{\"Id\":702,\"Name\":\"Calcium Quantity Per 100g - Total - NIP\",\"Value\":\"30mg\",\"Description\":\"Calcium Quantity Per 100g - Total - NIP\",\"SortOrder\":71},{\"Id\":47,\"Name\":\"Calcium Quantity Per Serve - Total - NIP\",\"Value\":\"22.5mg\",\"Description\":\"Calcium Quantity Per Serve - Total - NIP\",\"SortOrder\":75},{\"Id\":705,\"Name\":\"Carbohydrate Quantity Per 100g - Total - NIP\",\"Value\":\"7.2g\",\"Description\":\"Carbohydrate Quantity Per 100g - Total - NIP\",\"SortOrder\":83},{\"Id\":706,\"Name\":\"Carbohydrate Quantity Per Serve - Total - NIP\",\"Value\":\"5.4g\",\"Description\":\"Carbohydrate Quantity Per Serve - Total - NIP\",\"SortOrder\":87},{\"Id\":191,\"Name\":\"Dietary Fibre Quantity Per 100g - Total - NIP\",\"Value\":\"4.3g\",\"Description\":\"Dietary Fibre Quantity Per 100g - Total - NIP\",\"SortOrder\":175},{\"Id\":120,\"Name\":\"Dietary Fibre Quantity Per Serve - Total - NIP\",\"Value\":\"3.2g\",\"Description\":\"Dietary Fibre Quantity Per Serve - Total - NIP\",\"SortOrder\":179},{\"Id\":759,\"Name\":\"Energy kJ Quantity Per 100g - Total - NIP\",\"Value\":\"257kJ\",\"Description\":\"Energy kJ Quantity Per 100g - Total - NIP\",\"SortOrder\":239},{\"Id\":760,\"Name\":\"Energy kJ Quantity Per Serve - Total - NIP\",\"Value\":\"193kJ\",\"Description\":\"Energy kJ Quantity Per Serve - Total - NIP\",\"SortOrder\":243},{\"Id\":253,\"Name\":\"Fat Saturated Quantity Per 100g - Total - NIP\",\"Value\":\"<1.0g\",\"Description\":\"Fat Saturated Quantity Per 100g - Total - NIP\",\"SortOrder\":251},{\"Id\":258,\"Name\":\"Fat Saturated Quantity Per Serve - Total - NIP\",\"Value\":\"<1.0g\",\"Description\":\"Fat Saturated Quantity Per Serve - Total - NIP\",\"SortOrder\":255},{\"Id\":764,\"Name\":\"Fat Total Quantity Per 100g - Total - NIP\",\"Value\":\"<1.0g\",\"Description\":\"Fat Total Quantity Per 100g - Total - NIP\",\"SortOrder\":263},{\"Id\":166,\"Name\":\"Fat Total Quantity Per 100g - ValueWord - NIP\",\"Value\":\"1.0\",\"Description\":\"Fat Total Quantity Per 100g - ValueWord - NIP\",\"SortOrder\":264},{\"Id\":264,\"Name\":\"Fat Total Quantity Per Serve - Total - NIP\",\"Value\":\"<1.0g\",\"Description\":\"Fat Total Quantity Per Serve - Total - NIP\",\"SortOrder\":267},{\"Id\":443,\"Name\":\"Potassium Quantity Per 100g - Total - NIP\",\"Value\":\"268mg\",\"Description\":\"Potassium Quantity Per 100g - Total - NIP\",\"SortOrder\":575},{\"Id\":493,\"Name\":\"Potassium Quantity Per Serve - Total - NIP\",\"Value\":\"201mg\",\"Description\":\"Potassium Quantity Per Serve - Total - NIP\",\"SortOrder\":579},{\"Id\":878,\"Name\":\"Protein Quantity Per 100g - Total - NIP\",\"Value\":\"4.6g\",\"Description\":\"Protein Quantity Per 100g - Total - NIP\",\"SortOrder\":587},{\"Id\":882,\"Name\":\"Protein Quantity Per Serve - Total - NIP\",\"Value\":\"3.4g\",\"Description\":\"Protein Quantity Per Serve - Total - NIP\",\"SortOrder\":591},{\"Id\":477,\"Name\":\"Serving Size - Total - NIP\",\"Value\":\"75g\",\"Description\":\"Serving Size - Total - NIP\",\"SortOrder\":607},{\"Id\":544,\"Name\":\"Servings Per Pack - Total - NIP\",\"Value\":\"6\",\"Description\":\"Servings Per Pack - Total - NIP\",\"SortOrder\":611},{\"Id\":491,\"Name\":\"Sodium Quantity Per 100g - Total - NIP\",\"Value\":\"<5mg\",\"Description\":\"Sodium Quantity Per 100g - Total - NIP\",\"SortOrder\":623},{\"Id\":495,\"Name\":\"Sodium Quantity Per Serve - Total - NIP\",\"Value\":\"<5mg\",\"Description\":\"Sodium Quantity Per Serve - Total - NIP\",\"SortOrder\":627},{\"Id\":907,\"Name\":\"Sugars Quantity Per 100g - Prefix - NIP\",\"Value\":null,\"Description\":\"Sugars Quantity Per 100g - Prefix - NIP\",\"SortOrder\":645},{\"Id\":908,\"Name\":\"Sugars Quantity Per 100g - SuffixUnits - NIP\",\"Value\":\"g\",\"Description\":\"Sugars Quantity Per 100g - SuffixUnits - NIP\",\"SortOrder\":646},{\"Id\":909,\"Name\":\"Sugars Quantity Per 100g - Total - NIP\",\"Value\":\"4.2g\",\"Description\":\"Sugars Quantity Per 100g - Total - NIP\",\"SortOrder\":647},{\"Id\":910,\"Name\":\"Sugars Quantity Per 100g - ValueWord - NIP\",\"Value\":\"4.2\",\"Description\":\"Sugars Quantity Per 100g - ValueWord - NIP\",\"SortOrder\":648},{\"Id\":504,\"Name\":\"Sugars Quantity Per Serve - Prefix - NIP\",\"Value\":null,\"Description\":\"Sugars Quantity Per Serve - Prefix - NIP\",\"SortOrder\":649},{\"Id\":911,\"Name\":\"Sugars Quantity Per Serve - SuffixUnits - NIP\",\"Value\":\"g\",\"Description\":\"Sugars Quantity Per Serve - SuffixUnits - NIP\",\"SortOrder\":650},{\"Id\":912,\"Name\":\"Sugars Quantity Per Serve - Total - NIP\",\"Value\":\"3.1g\",\"Description\":\"Sugars Quantity Per Serve - Total - NIP\",\"SortOrder\":651},{\"Id\":572,\"Name\":\"Sugars Quantity Per Serve - ValueWord - NIP\",\"Value\":\"3.1\",\"Description\":\"Sugars Quantity Per Serve - ValueWord - NIP\",\"SortOrder\":652}]}","ovencook":"False","vegetarian":"False","hypo-allergenic":null,"timer":null,"dermatologistrecommended":null,"sapdepartmentno":"5","allergencontains":null,"waterresistant":null,"friendlydisclaimer":null,"recyclableinformation":null,"usageinstructions":null,"freezable":"False"},"DetailsImagePaths":["https://cdn0.woolworths.media/content/wowproductimages/large/754183.jpg"],"Variety":null,"Rating":{"ReviewCount":796,"RatingCount":796,"RatingSum":3839,"OneStarCount":0,"TwoStarCount":0,"ThreeStarCount":12,"FourStarCount":117,"FiveStarCount":667,"Average":4.82286432160804,"OneStarPercentage":0,"TwoStarPercentage":0,"ThreeStarPercentage":1.50753768844221,"FourStarPercentage":14.6984924623116,"FiveStarPercentage":83.7939698492462},"HasProductSubs":false,"IsSponsoredAd":false,"AdID":null,"AdIndex":null,"IsMarketProduct":false,"IsGiftable":false,"Vendor":null,"Untraceable":false,"ThirdPartyProductInfo":null,"MarketFeatures":null,"MarketSpecifications":null,"SupplyLimitSource":"ProductLimit","Tags":null,"IsPersonalisedByPurchaseHistory":false,"IsFromFacetedSearch":false,"NextAvailabilityDate":null,"NumberOfSubstitutes":5,"IsPrimaryVariant":false,"VariantGroupId":0,"HasVariants":false,"VariantTitle":null,"IsTobacco":false}],"Name":"Woolworths Australian Baby Peas","DisplayName":"Woolworths Australian Baby Peas 500g"},{"Products":[{"TileID":0,"Stockcode":768564,"Barcode":"9300633450373","GtinFormat":13,"CupPrice":6,"InstoreCupPrice":6,"CupMeasure":"1KG","CupString":"$6.00 / 1KG","InstoreCupString":"$6.00 / 1KG","HasCupPrice":true,"InstoreHasCupPrice":true,"Price":3,"InstorePrice":3,"Name":"Woolworths Peas & Corn","DisplayName":"Woolworths Peas & Corn 500g","UrlFriendlyName":"woolworths-peas-corn","Description":" Woolworths Peas & Corn 500G","SmallImageFile":"https://cdn0.woolworths.media/content/wowproductimages/small/768564.jpg","MediumImageFile":"https://cdn0.woolworths.media/content/wowproductimages/medium/768564.jpg","LargeImageFile":"https://cdn0.woolworths.media/content/wowproductimages/large/768564.jpg","IsNew":false,"IsHalfPrice":false,"IsOnlineOnly":false,"IsOnSpecial":false,"InstoreIsOnSpecial":false,"IsEdrSpecial":false,"SavingsAmount":0,"InstoreSavingsAmount":0,"WasPrice":3,"InstoreWasPrice":3,"QuantityInTrolley":0,"Unit":"Each","MinimumQuantity":1,"HasBeenBoughtBefore":false,"IsInTrolley":false,"Source":"Aisle.Freezer","SupplyLimit":16,"ProductLimit":50,"MaxSupplyLimitMessage":"16 item(s) left","IsRanged":true,"IsInStock":true,"PackageSize":"500G","IsPmDelivery":true,"IsForCollection":true,"IsForDelivery":true,"IsForExpress":true,"ProductRestrictionMessage":null,"ProductWarningMessage":null,"CentreTag":{"TagContent":null,"TagLink":null,"FallbackText":null,"TagType":"None","MultibuyData":null,"TagContentText":null,"DualImageTagContent":null,"PromotionType":"NOT_SET","IsRegisteredRewardCardPromotion":false},"IsCentreTag":false,"ImageTag":{"TagContent":null,"TagLink":null,"FallbackText":"","TagType":"None","MultibuyData":null,"TagContentText":null,"DualImageTagContent":null,"PromotionType":"NOT_SET","IsRegisteredRewardCardPromotion":false},"HeaderTag":{"BackgroundColor":"#c20016","BorderColor":"#c20016","TextColor":"#fff","Content":"LOW PRICE","TagLink":null,"Promotion":"LowPrice"},"HasHeaderTag":true,"UnitWeightInGrams":0,"SupplyLimitMessage":"'Woolworths Peas & Corn' has a supply limit of 16. The quantity in your cart has been reduced accordingly. To purchase a larger quantity, please contact us on 1800 000 610. Please note we do not supply trade orders.","SmallFormatDescription":"Woolworths Peas & Corn","FullDescription":"Woolworths Peas & Corn","IsAvailable":true,"InstoreIsAvailable":true,"IsPurchasable":true,"InstoreIsPurchasable":true,"AgeRestricted":false,"DisplayQuantity":1,"RichDescription":null,"HideWasSavedPrice":false,"SapCategories":null,"Brand":"Woolworths","IsRestrictedByDeliveryMethod":false,"FooterTag":{"TagContent":"Lower Price Always","TagLink":null,"FallbackText":null,"TagType":"Html","MultibuyData":null,"TagContentText":null,"DualImageTagContent":null,"PromotionType":"NOT_SET","IsRegisteredRewardCardPromotion":false},"IsFooterEnabled":true,"Diagnostics":"21","IsBundle":false,"IsInFamily":false,"ChildProducts":null,"UrlOverride":null,"AdditionalAttributes":{"boxedcontents":null,"addedvitaminsandminerals":"False","sapdepartmentname":"GROCERIES","spf":null,"haircolour":null,"lifestyleanddietarystatement":"Source of Fibre","sapcategoryname":"FROZEN MEALS","skintype":null,"importantinformation":null,"allergystatement":"Gluten Free","productdepthmm":null,"skincondition":null,"ophthalmologistapproved":null,"healthstarrating":"5","hairtype":null,"fragrance-free":null,"sapsegmentname":"MIXED VEGETABLES","suitablefor":null,"PiesProductDepartmentsjson":"[{\"Id\":\"1_ACA2FC2\",\"Description\":\"Freezer\"}]","piessubcategorynamesjson":"[\"Mixed Vegetables\",\"Gluten Free\"]","sapsegmentno":"12","productwidthmm":null,"contains":null,"sapsubcategoryname":"FREEZER - VEGETABLES","dermatologisttested":null,"wool_productpackaging":null,"dermatologicallyapproved":null,"specialsgroupid":null,"productimages":"768564.jpg,768564_2.jpg","productheightmm":null,"r&r_hidereviews":null,"microwavesafe":"False","paba-free":null,"lifestyleclaim":null,"alcoholfree":null,"tgawarning":null,"activeconstituents":null,"microwaveable":"False","soap-free":null,"countryoforigin":null,"isexcludedfromsubstitution":"False","productimagecount":"2","r&r_loggedinreviews":null,"anti-dandruff":null,"servingsize-total-nip":null,"tgahealthwarninglink":null,"allergenmaybepresent":null,"PiesProductDepartmentNodeId":"1_ACA2FC2","parabenfree":"False","vendorarticleid":null,"containsgluten":"False","containsnuts":"False","ingredients":"Corn, Peas.","colour":null,"manufacturer":null,"sapcategoryno":"97","storageinstructions":"Keep frozen at or below -18oC.","tgawarnings":null,"piesdepartmentnamesjson":"[\"Freezer\"]","brand":"woolworths","oilfree":null,"fragrance":null,"antibacterial":"False","non-comedogenic":null,"antiseptic":"False","bpafree":"False","vendorcostprice":null,"description":"<p>The Woolworths Select range of frozen vegetables are snap frozen to lock in the freshness and flavour, a convenient and nutritious way to enjoy vegetables.</p><p>With no artificial preservatives,Â colours orÂ flavours.</p><p>Â </p>","sweatresistant":null,"sapsubcategoryno":"103","claims":null,"antioxidant":"False","phbalanced":null,"wool_dietaryclaim":null,"ophthalmologisttested":null,"sulfatefree":"False","servingsperpack-total-nip":null,"piescategorynamesjson":"[\"Frozen Vegetables\",\"Frozen Gluten Free\"]","nutritionalinformation":"{\"Name\":\"Nutritional Information\",\"Attributes\":[{\"Id\":702,\"Name\":\"Calcium Quantity Per 100g - Total - NIP\",\"Value\":\"26mg\",\"Description\":\"Calcium Quantity Per 100g - Total - NIP\",\"SortOrder\":71},{\"Id\":47,\"Name\":\"Calcium Quantity Per Serve - Total - NIP\",\"Value\":\"19.5mg\",\"Description\":\"Calcium Quantity Per Serve - Total - NIP\",\"SortOrder\":75},{\"Id\":705,\"Name\":\"Carbohydrate Quantity Per 100g - Total - NIP\",\"Value\":\"7.5g\",\"Description\":\"Carbohydrate Quantity Per 100g - Total - NIP\",\"SortOrder\":83},{\"Id\":706,\"Name\":\"Carbohydrate Quantity Per Serve - Total - NIP\",\"Value\":\"5.6g\",\"Description\":\"Carbohydrate Quantity Per Serve - Total - NIP\",\"SortOrder\":87},{\"Id\":191,\"Name\":\"Dietary Fibre Quantity Per 100g - Total - NIP\",\"Value\":\"4.7g\",\"Description\":\"Dietary Fibre Quantity Per 100g - Total - NIP\",\"SortOrder\":175},{\"Id\":120,\"Name\":\"Dietary Fibre Quantity Per Serve - Total - NIP\",\"Value\":\"3.5g\",\"Description\":\"Dietary Fibre Quantity Per Serve - Total - NIP\",\"SortOrder\":179},{\"Id\":759,\"Name\":\"Energy kJ Quantity Per 100g - Total - NIP\",\"Value\":\"269kJ\",\"Description\":\"Energy kJ Quantity Per 100g - Total - NIP\",\"SortOrder\":239},{\"Id\":760,\"Name\":\"Energy kJ Quantity Per Serve - Total - NIP\",\"Value\":\"202kJ\",\"Description\":\"Energy kJ Quantity Per Serve - Total - NIP\",\"SortOrder\":243},{\"Id\":253,\"Name\":\"Fat Saturated Quantity Per 100g - Total - NIP\",\"Value\":\"<1.0g\",\"Description\":\"Fat Saturated Quantity Per 100g - Total - NIP\",\"SortOrder\":251},{\"Id\":258,\"Name\":\"Fat Saturated Quantity Per Serve - Total - NIP\",\"Value\":\"<1.0g\",\"Description\":\"Fat Saturated Quantity Per Serve - Total - NIP\",\"SortOrder\":255},{\"Id\":764,\"Name\":\"Fat Total Quantity Per 100g - Total - NIP\",\"Value\":\"1.0g\",\"Description\":\"Fat Total Quantity Per 100g - Total - NIP\",\"SortOrder\":263},{\"Id\":166,\"Name\":\"Fat Total Quantity Per 100g - ValueWord - NIP\",\"Value\":\"1.0\",\"Description\":\"Fat Total Quantity Per 100g - ValueWord - NIP\",\"SortOrder\":264},{\"Id\":264,\"Name\":\"Fat Total Quantity Per Serve - Total - NIP\",\"Value\":\"<1.0g\",\"Description\":\"Fat Total Quantity Per Serve - Total - NIP\",\"SortOrder\":267},{\"Id\":402,\"Name\":\"Monounsaturated Quantity Per 100g - Total - NIP\",\"Value\":\"0.02g\",\"Description\":\"Monounsaturated Quantity Per 100g - Total - NIP\",\"SortOrder\":479},{\"Id\":834,\"Name\":\"Monounsaturated Quantity Per Serve - Total - NIP\",\"Value\":\"0.02g\",\"Description\":\"Monounsaturated Quantity Per Serve - Total - NIP\",\"SortOrder\":483},{\"Id\":434,\"Name\":\"Polyunsaturated Quantity Per 100g - Total - NIP\",\"Value\":\"0.04g\",\"Description\":\"Polyunsaturated Quantity Per 100g - Total - NIP\",\"SortOrder\":563},{\"Id\":435,\"Name\":\"Polyunsaturated Quantity Per Serve - Total - NIP\",\"Value\":\"0.03g\",\"Description\":\"Polyunsaturated Quantity Per Serve - Total - NIP\",\"SortOrder\":567},{\"Id\":443,\"Name\":\"Potassium Quantity Per 100g - Total - NIP\",\"Value\":\"259mg\",\"Description\":\"Potassium Quantity Per 100g - Total - NIP\",\"SortOrder\":575},{\"Id\":493,\"Name\":\"Potassium Quantity Per Serve - Total - NIP\",\"Value\":\"194.25mg\",\"Description\":\"Potassium Quantity Per Serve - Total - NIP\",\"SortOrder\":579},{\"Id\":878,\"Name\":\"Protein Quantity Per 100g - Total - NIP\",\"Value\":\"3.8g\",\"Description\":\"Protein Quantity Per 100g - Total - NIP\",\"SortOrder\":587},{\"Id\":882,\"Name\":\"Protein Quantity Per Serve - Total - NIP\",\"Value\":\"2.9g\",\"Description\":\"Protein Quantity Per Serve - Total - NIP\",\"SortOrder\":591},{\"Id\":477,\"Name\":\"Serving Size - Total - NIP\",\"Value\":\"75g\",\"Description\":\"Serving Size - Total - NIP\",\"SortOrder\":607},{\"Id\":544,\"Name\":\"Servings Per Pack - Total - NIP\",\"Value\":\"6\",\"Description\":\"Servings Per Pack - Total - NIP\",\"SortOrder\":611},{\"Id\":491,\"Name\":\"Sodium Quantity Per 100g - Total - NIP\",\"Value\":\"<5mg\",\"Description\":\"Sodium Quantity Per 100g - Total - NIP\",\"SortOrder\":623},{\"Id\":495,\"Name\":\"Sodium Quantity Per Serve - Total - NIP\",\"Value\":\"<5mg\",\"Description\":\"Sodium Quantity Per Serve - Total - NIP\",\"SortOrder\":627},{\"Id\":907,\"Name\":\"Sugars Quantity Per 100g - Prefix - NIP\",\"Value\":null,\"Description\":\"Sugars Quantity Per 100g - Prefix - NIP\",\"SortOrder\":645},{\"Id\":908,\"Name\":\"Sugars Quantity Per 100g - SuffixUnits - NIP\",\"Value\":\"g\",\"Description\":\"Sugars Quantity Per 100g - SuffixUnits - NIP\",\"SortOrder\":646},{\"Id\":909,\"Name\":\"Sugars Quantity Per 100g - Total - NIP\",\"Value\":\"5.1g\",\"Description\":\"Sugars Quantity Per 100g - Total - NIP\",\"SortOrder\":647},{\"Id\":910,\"Name\":\"Sugars Quantity Per 100g - ValueWord - NIP\",\"Value\":\"5.1\",\"Description\":\"Sugars Quantity Per 100g - ValueWord - NIP\",\"SortOrder\":648},{\"Id\":504,\"Name\":\"Sugars Quantity Per Serve - Prefix - NIP\",\"Value\":null,\"Description\":\"Sugars Quantity Per Serve - Prefix - NIP\",\"SortOrder\":649},{\"Id\":911,\"Name\":\"Sugars Quantity Per Serve - SuffixUnits - NIP\",\"Value\":\"g\",\"Description\":\"Sugars Quantity Per Serve - SuffixUnits - NIP\",\"SortOrder\":650},{\"Id\":912,\"Name\":\"Sugars Quantity Per Serve - Total - NIP\",\"Value\":\"3.8g\",\"Description\":\"Sugars Quantity Per Serve - Total - NIP\",\"SortOrder\":651},{\"Id\":572,\"Name\":\"Sugars Quantity Per Serve - ValueWord - NIP\",\"Value\":\"3.8\",\"Description\":\"Sugars Quantity Per Serve - ValueWord - NIP\",\"SortOrder\":652},{\"Id\":593,\"Name\":\"Trans Quantity Per 100g - Total - NIP\",\"Value\":\"0.10g\",\"Description\":\"Trans Quantity Per 100g - Total - NIP\",\"SortOrder\":667},{\"Id\":510,\"Name\":\"Trans Quantity Per Serve - Total - NIP\",\"Value\":\"<0.1g\",\"Description\":\"Trans Quantity Per Serve - Total - NIP\",\"SortOrder\":671}]}","ovencook":"False","vegetarian":"False","hypo-allergenic":null,"timer":null,"dermatologistrecommended":null,"sapdepartmentno":"5","allergencontains":null,"waterresistant":null,"friendlydisclaimer":null,"recyclableinformation":null,"usageinstructions":null,"freezable":"False"},"DetailsImagePaths":["https://cdn0.woolworths.media/content/wowproductimages/large/768564.jpg"],"Variety":"Corn","Rating":{"ReviewCount":384,"RatingCount":384,"RatingSum":1812,"OneStarCount":0,"TwoStarCount":3,"ThreeStarCount":8,"FourStarCount":83,"FiveStarCount":290,"Average":4.71875,"OneStarPercentage":0,"TwoStarPercentage":0.78125,"ThreeStarPercentage":2.08333333333333,"FourStarPercentage":21.6145833333333,"FiveStarPercentage":75.5208333333333},"HasProductSubs":false,"IsSponsoredAd":false,"AdID":null,"AdIndex":null,"IsMarketProduct":false,"IsGiftable":false,"Vendor":null,"Untraceable":false,"ThirdPartyProductInfo":null,"MarketFeatures":null,"MarketSpecifications":null,"SupplyLimitSource":"StockQuantity","Tags":[{"Content":{"Type":"Label","Position":"Top","Attributes":{"Text":"LOW PRICE","Promotion":"LowPrice","BackgroundColor":"#c20016","BorderColor":"#c20016","TextColor":"#fff"}},"TemplateId":null,"Metadata":null}],"IsPersonalisedByPurchaseHistory":false,"IsFromFacetedSearch":false,"NextAvailabilityDate":null,"NumberOfSubstitutes":0,"IsPrimaryVariant":false,"VariantGroupId":0,"HasVariants":false,"VariantTitle":null,"IsTobacco":false}],"Name":"Woolworths Peas & Corn","DisplayName":"Woolworths Peas & Corn 500g"},{"Products":[{"TileID":0,"Stockcode":768560,"Barcode":"9300633450335","GtinFormat":13,"CupPrice":6,"InstoreCupPrice":6,"CupMeasure":"1KG","CupString":"$6.00 / 1KG","InstoreCupString":"$6.00 / 1KG","HasCupPrice":true,"InstoreHasCupPrice":true,"Price":3,"InstorePrice":3,"Name":"Woolworths Cauliflower Florets","DisplayName":"Woolworths Cauliflower Florets 500g","UrlFriendlyName":"woolworths-cauliflower-florets","Description":" Woolworths Cauliflower<br>Florets 500G","SmallImageFile":"https://cdn0.woolworths.media/content/wowproductimages/small/768560.jpg","MediumImageFile":"https://cdn0.woolworths.media/content/wowproductimages/medium/768560.jpg","LargeImageFile":"https://cdn0.woolworths.media/content/wowproductimages/large/768560.jpg","IsNew":false,"IsHalfPrice":false,"IsOnlineOnly":false,"IsOnSpecial":false,"InstoreIsOnSpecial":false,"IsEdrSpecial":false,"SavingsAmount":0,"InstoreSavingsAmount":0,"WasPrice":3,"InstoreWasPrice":3,"QuantityInTrolley":0,"Unit":"Each","MinimumQuantity":1,"HasBeenBoughtBefore":false,"IsInTrolley":false,"Source":"Aisle.Freezer","SupplyLimit":6,"ProductLimit":50,"MaxSupplyLimitMessage":"6 item(s) left","IsRanged":true,"IsInStock":true,"PackageSize":"500G","IsPmDelivery":true,"IsForCollection":true,"IsForDelivery":true,"IsForExpress":true,"ProductRestrictionMessage":null,"ProductWarningMessage":null,"CentreTag":{"TagContent":null,"TagLink":null,"FallbackText":null,"TagType":"None","MultibuyData":null,"TagContentText":null,"DualImageTagContent":null,"PromotionType":"NOT_SET","IsRegisteredRewardCardPromotion":false},"IsCentreTag":false,"ImageTag":{"TagContent":null,"TagLink":null,"FallbackText":"","TagType":"None","MultibuyData":null,"TagContentText":null,"DualImageTagContent":null,"PromotionType":"NOT_SET","IsRegisteredRewardCardPromotion":false},"HeaderTag":{"BackgroundColor":"#c20016","BorderColor":"#c20016","TextColor":"#fff","Content":"LOW PRICE","TagLink":null,"Promotion":"LowPrice"},"HasHeaderTag":true,"UnitWeightInGrams":0,"SupplyLimitMessage":"'Woolworths Cauliflower Florets' has a supply limit of 6. The quantity in your cart has been reduced accordingly. To purchase a larger quantity, please contact us on 1800 000 610. Please note we do not supply trade orders.","SmallFormatDescription":"Woolworths Cauliflower Florets","FullDescription":"Woolworths Cauliflower Florets","IsAvailable":true,"InstoreIsAvailable":true,"IsPurchasable":true,"InstoreIsPurchasable":true,"AgeRestricted":false,"DisplayQuantity":1,"RichDescription":null,"HideWasSavedPrice":false,"SapCategories":null,"Brand":"Woolworths","IsRestrictedByDeliveryMethod":false,"FooterTag":{"TagContent":"Lower Price Always","TagLink":null,"FallbackText":null,"TagType":"Html","MultibuyData":null,"TagContentText":null,"DualImageTagContent":null,"PromotionType":"NOT_SET","IsRegisteredRewardCardPromotion":false},"IsFooterEnabled":true,"Diagnostics":"22","IsBundle":false,"IsInFamily":false,"ChildProducts":null,"UrlOverride":null,"AdditionalAttributes":{"boxedcontents":null,"addedvitaminsandminerals":"False","sapdepartmentname":"GROCERIES","spf":null,"haircolour":null,"lifestyleanddietarystatement":"Low Salt","sapcategoryname":"FROZEN MEALS","skintype":null,"importantinformation":null,"allergystatement":"No Artificial Colours or Flavours","productdepthmm":null,"skincondition":null,"ophthalmologistapproved":null,"healthstarrating":"5","hairtype":null,"fragrance-free":null,"sapsegmentname":"CAULIFLOWER","suitablefor":null,"PiesProductDepartmentsjson":"[{\"Id\":\"1_ACA2FC2\",\"Description\":\"Freezer\"}]","piessubcategorynamesjson":"[\"Other Vegetables\",\"Gluten Free\"]","sapsegmentno":"7","productwidthmm":null,"contains":null,"sapsubcategoryname":"FREEZER - VEGETABLES","dermatologisttested":null,"wool_productpackaging":null,"dermatologicallyapproved":null,"specialsgroupid":null,"productimages":"768560.jpg,768560_2.jpg","productheightmm":null,"r&r_hidereviews":null,"microwavesafe":"False","paba-free":null,"lifestyleclaim":null,"alcoholfree":null,"tgawarning":null,"activeconstituents":null,"microwaveable":"False","soap-free":null,"countryoforigin":null,"isexcludedfromsubstitution":"False","productimagecount":"2","r&r_loggedinreviews":null,"anti-dandruff":null,"servingsize-total-nip":null,"tgahealthwarninglink":null,"allergenmaybepresent":null,"PiesProductDepartmentNodeId":"1_ACA2FC2","parabenfree":"False","vendorarticleid":null,"containsgluten":"False","containsnuts":"False","ingredients":"Cauliflower Florets.","colour":null,"manufacturer":null,"sapcategoryno":"97","storageinstructions":"Keep frozen at or below -18°C. Once thawed do not refreeze. ","tgawarnings":null,"piesdepartmentnamesjson":"[\"Freezer\"]","brand":"woolworths","oilfree":null,"fragrance":null,"antibacterial":"False","non-comedogenic":null,"antiseptic":"False","bpafree":"False","vendorcostprice":null,"description":"<p>The Woolworths Select range of frozen vegetables are snap frozen to lock in the freshness and flavour,Â providing a convenient and nutritious way to enjoy vegetables.</p><p>Â </p>","sweatresistant":null,"sapsubcategoryno":"103","claims":null,"antioxidant":"False","phbalanced":null,"wool_dietaryclaim":null,"ophthalmologisttested":null,"sulfatefree":"False","servingsperpack-total-nip":null,"piescategorynamesjson":"[\"Frozen Vegetables\",\"Frozen Gluten Free\"]","nutritionalinformation":"{\"Name\":\"Nutritional Information\",\"Attributes\":[{\"Id\":702,\"Name\":\"Calcium Quantity Per 100g - Total - NIP\",\"Value\":\"17mg\",\"Description\":\"Calcium Quantity Per 100g - Total - NIP\",\"SortOrder\":71},{\"Id\":47,\"Name\":\"Calcium Quantity Per Serve - Total - NIP\",\"Value\":\"17mg\",\"Description\":\"Calcium Quantity Per Serve - Total - NIP\",\"SortOrder\":75},{\"Id\":705,\"Name\":\"Carbohydrate Quantity Per 100g - Total - NIP\",\"Value\":\"2.0g\",\"Description\":\"Carbohydrate Quantity Per 100g - Total - NIP\",\"SortOrder\":83},{\"Id\":706,\"Name\":\"Carbohydrate Quantity Per Serve - Total - NIP\",\"Value\":\"2.0g\",\"Description\":\"Carbohydrate Quantity Per Serve - Total - NIP\",\"SortOrder\":87},{\"Id\":191,\"Name\":\"Dietary Fibre Quantity Per 100g - Total - NIP\",\"Value\":\"2.8g\",\"Description\":\"Dietary Fibre Quantity Per 100g - Total - NIP\",\"SortOrder\":175},{\"Id\":120,\"Name\":\"Dietary Fibre Quantity Per Serve - Total - NIP\",\"Value\":\"2.8g\",\"Description\":\"Dietary Fibre Quantity Per Serve - Total - NIP\",\"SortOrder\":179},{\"Id\":759,\"Name\":\"Energy kJ Quantity Per 100g - Total - NIP\",\"Value\":\"101kJ\",\"Description\":\"Energy kJ Quantity Per 100g - Total - NIP\",\"SortOrder\":239},{\"Id\":760,\"Name\":\"Energy kJ Quantity Per Serve - Total - NIP\",\"Value\":\"101kJ\",\"Description\":\"Energy kJ Quantity Per Serve - Total - NIP\",\"SortOrder\":243},{\"Id\":253,\"Name\":\"Fat Saturated Quantity Per 100g - Total - NIP\",\"Value\":\"<0.1g\",\"Description\":\"Fat Saturated Quantity Per 100g - Total - NIP\",\"SortOrder\":251},{\"Id\":258,\"Name\":\"Fat Saturated Quantity Per Serve - Total - NIP\",\"Value\":\"<0.1g\",\"Description\":\"Fat Saturated Quantity Per Serve - Total - NIP\",\"SortOrder\":255},{\"Id\":764,\"Name\":\"Fat Total Quantity Per 100g - Total - NIP\",\"Value\":\"0.2g\",\"Description\":\"Fat Total Quantity Per 100g - Total - NIP\",\"SortOrder\":263},{\"Id\":166,\"Name\":\"Fat Total Quantity Per 100g - ValueWord - NIP\",\"Value\":\"0.2\",\"Description\":\"Fat Total Quantity Per 100g - ValueWord - NIP\",\"SortOrder\":264},{\"Id\":264,\"Name\":\"Fat Total Quantity Per Serve - Total - NIP\",\"Value\":\"0.2g\",\"Description\":\"Fat Total Quantity Per Serve - Total - NIP\",\"SortOrder\":267},{\"Id\":443,\"Name\":\"Potassium Quantity Per 100g - Total - NIP\",\"Value\":\"292mg\",\"Description\":\"Potassium Quantity Per 100g - Total - NIP\",\"SortOrder\":575},{\"Id\":493,\"Name\":\"Potassium Quantity Per Serve - Total - NIP\",\"Value\":\"292mg\",\"Description\":\"Potassium Quantity Per Serve - Total - NIP\",\"SortOrder\":579},{\"Id\":878,\"Name\":\"Protein Quantity Per 100g - Total - NIP\",\"Value\":\"2.2g\",\"Description\":\"Protein Quantity Per 100g - Total - NIP\",\"SortOrder\":587},{\"Id\":882,\"Name\":\"Protein Quantity Per Serve - Total - NIP\",\"Value\":\"2.2g\",\"Description\":\"Protein Quantity Per Serve - Total - NIP\",\"SortOrder\":591},{\"Id\":477,\"Name\":\"Serving Size - Total - NIP\",\"Value\":\"100g\",\"Description\":\"Serving Size - Total - NIP\",\"SortOrder\":607},{\"Id\":544,\"Name\":\"Servings Per Pack - Total - NIP\",\"Value\":\"5\",\"Description\":\"Servings Per Pack - Total - NIP\",\"SortOrder\":611},{\"Id\":491,\"Name\":\"Sodium Quantity Per 100g - Total - NIP\",\"Value\":\"31mg\",\"Description\":\"Sodium Quantity Per 100g - Total - NIP\",\"SortOrder\":623},{\"Id\":495,\"Name\":\"Sodium Quantity Per Serve - Total - NIP\",\"Value\":\"31mg\",\"Description\":\"Sodium Quantity Per Serve - Total - NIP\",\"SortOrder\":627},{\"Id\":907,\"Name\":\"Sugars Quantity Per 100g - Prefix - NIP\",\"Value\":null,\"Description\":\"Sugars Quantity Per 100g - Prefix - NIP\",\"SortOrder\":645},{\"Id\":908,\"Name\":\"Sugars Quantity Per 100g - SuffixUnits - NIP\",\"Value\":\"g\",\"Description\":\"Sugars Quantity Per 100g - SuffixUnits - NIP\",\"SortOrder\":646},{\"Id\":909,\"Name\":\"Sugars Quantity Per 100g - Total - NIP\",\"Value\":\"2.0g\",\"Description\":\"Sugars Quantity Per 100g - Total - NIP\",\"SortOrder\":647},{\"Id\":910,\"Name\":\"Sugars Quantity Per 100g - ValueWord - NIP\",\"Value\":\"2.0\",\"Description\":\"Sugars Quantity Per 100g - ValueWord - NIP\",\"SortOrder\":648},{\"Id\":504,\"Name\":\"Sugars Quantity Per Serve - Prefix - NIP\",\"Value\":null,\"Description\":\"Sugars Quantity Per Serve - Prefix - NIP\",\"SortOrder\":649},{\"Id\":911,\"Name\":\"Sugars Quantity Per Serve - SuffixUnits - NIP\",\"Value\":\"g\",\"Description\":\"Sugars Quantity Per Serve - SuffixUnits - NIP\",\"SortOrder\":650},{\"Id\":912,\"Name\":\"Sugars Quantity Per Serve - Total - NIP\",\"Value\":\"2.0g\",\"Description\":\"Sugars Quantity Per Serve - Total - NIP\",\"SortOrder\":651},{\"Id\":572,\"Name\":\"Sugars Quantity Per Serve - ValueWord - NIP\",\"Value\":\"2.0\",\"Description\":\"Sugars Quantity Per Serve - ValueWord - NIP\",\"SortOrder\":652}]}","ovencook":"False","vegetarian":"False","hypo-allergenic":null,"timer":null,"dermatologistrecommended":null,"sapdepartmentno":"5","allergencontains":null,"waterresistant":null,"friendlydisclaimer":null,"recyclableinformation":null,"usageinstructions":null,"freezable":"False"},"DetailsImagePaths":["https://cdn0.woolworths.media/content/wowproductimages/large/768560.jpg"],"Variety":"Florets","Rating":{"ReviewCount":580,"RatingCount":580,"RatingSum":2525,"OneStarCount":9,"TwoStarCount":17,"ThreeStarCount":51,"FourStarCount":186,"FiveStarCount":317,"Average":4.35344827586207,"OneStarPercentage":1.55172413793103,"TwoStarPercentage":2.93103448275862,"ThreeStarPercentage":8.79310344827586,"FourStarPercentage":32.0689655172414,"FiveStarPercentage":54.6551724137931},"HasProductSubs":false,"IsSponsoredAd":false,"AdID":null,"AdIndex":null,"IsMarketProduct":false,"IsGiftable":false,"Vendor":null,"Untraceable":false,"ThirdPartyProductInfo":null,"MarketFeatures":null,"MarketSpecifications":null,"SupplyLimitSource":"StockQuantity","Tags":[{"Content":{"Type":"Label","Position":"Top","Attributes":{"Text":"LOW PRICE","Promotion":"LowPrice","BackgroundColor":"#c20016","BorderColor":"#c20016","TextColor":"#fff"}},"TemplateId":null,"Metadata":null}],"IsPersonalisedByPurchaseHistory":false,"IsFromFacetedSearch":false,"NextAvailabilityDate":null,"NumberOfSubstitutes":0,"IsPrimaryVariant":false,"VariantGroupId":0,"HasVariants":false,"VariantTitle":null,"IsTobacco":false}],"Name":"Woolworths Cauliflower Florets","DisplayName":"Woolworths Cauliflower Florets 500g"},{"Products":[{"TileID":0,"Stockcode":54135,"Barcode":"9339687104581","GtinFormat":13,"CupPrice":6.67,"InstoreCupPrice":11.11,"CupMeasure":"1KG","CupString":"$6.67 / 1KG","InstoreCupString":"$11.11 / 1KG","HasCupPrice":true,"InstoreHasCupPrice":true,"Price":3,"InstorePrice":3,"Name":"Macro Organic Cut Green Beans","DisplayName":"Macro Organic Cut Green Beans 450g","UrlFriendlyName":"macro-organic-cut-green-beans","Description":" Macro Organic Cut Green<br>Beans  450G","SmallImageFile":"https://cdn0.woolworths.media/content/wowproductimages/small/054135.jpg","MediumImageFile":"https://cdn0.woolworths.media/content/wowproductimages/medium/054135.jpg","LargeImageFile":"https://cdn0.woolworths.media/content/wowproductimages/large/054135.jpg","IsNew":false,"IsHalfPrice":false,"IsOnlineOnly":false,"IsOnSpecial":true,"InstoreIsOnSpecial":true,"IsEdrSpecial":false,"SavingsAmount":2,"InstoreSavingsAmount":2,"WasPrice":5,"InstoreWasPrice":5,"QuantityInTrolley":0,"Unit":"Each","MinimumQuantity":1,"HasBeenBoughtBefore":false,"IsInTrolley":false,"Source":"Aisle.Freezer","SupplyLimit":9,"ProductLimit":50,"MaxSupplyLimitMessage":"9 item(s) left","IsRanged":true,"IsInStock":true,"PackageSize":"450G","IsPmDelivery":true,"IsForCollection":true,"IsForDelivery":true,"IsForExpress":true,"ProductRestrictionMessage":null,"ProductWarningMessage":null,"CentreTag":{"TagContent":null,"TagLink":null,"FallbackText":null,"TagType":"None","MultibuyData":null,"TagContentText":null,"DualImageTagContent":null,"PromotionType":"NOT_SET","IsRegisteredRewardCardPromotion":false},"IsCentreTag":false,"ImageTag":{"TagContent":"/content/promotiontags/roundel-special-200x200.png","TagLink":"","FallbackText":"On Special","TagType":"None","MultibuyData":null,"TagContentText":null,"DualImageTagContent":null,"PromotionType":"NOT_SET","IsRegisteredRewardCardPromotion":false},"HeaderTag":{"BackgroundColor":"#fd0","BorderColor":"#fd0","TextColor":"#000","Content":"Save $2.00","TagLink":null,"Promotion":"Special"},"HasHeaderTag":true,"UnitWeightInGrams":0,"SupplyLimitMessage":"'Macro Organic Cut Green Beans' has a supply limit of 9. The quantity in your cart has been reduced accordingly. To purchase a larger quantity, please contact us on 1800 000 610. Please note we do not supply trade orders.","SmallFormatDescription":"Macro Organic Cut Green Beans ","FullDescription":"Macro Organic Cut Green Beans ","IsAvailable":true,"InstoreIsAvailable":true,"IsPurchasable":true,"InstoreIsPurchasable":true,"AgeRestricted":false,"DisplayQuantity":1,"RichDescription":null,"HideWasSavedPrice":false,"SapCategories":null,"Brand":"Macro","IsRestrictedByDeliveryMethod":false,"FooterTag":{"TagContent":null,"TagLink":null,"FallbackText":null,"TagType":"None","MultibuyData":null,"TagContentText":null,"DualImageTagContent":null,"PromotionType":"NOT_SET","IsRegisteredRewardCardPromotion":false},"IsFooterEnabled":true,"Diagnostics":"23","IsBundle":false,"IsInFamily":false,"ChildProducts":null,"UrlOverride":null,"AdditionalAttributes":{"boxedcontents":null,"addedvitaminsandminerals":"False","sapdepartmentname":"GROCERIES","spf":null,"haircolour":null,"lifestyleanddietarystatement":"Low Fat","sapcategoryname":"FROZEN MEALS","skintype":null,"importantinformation":null,"allergystatement":"Gluten Free","productdepthmm":null,"skincondition":null,"ophthalmologistapproved":null,"healthstarrating":"5","hairtype":null,"fragrance-free":null,"sapsegmentname":"BEANS SLICED","suitablefor":null,"PiesProductDepartmentsjson":"[{\"Id\":\"1_ACA2FC2\",\"Description\":\"Freezer\"}]","piessubcategorynamesjson":"[\"Beans & Peas\",\"Gluten Free\"]","sapsegmentno":"3","productwidthmm":null,"contains":null,"sapsubcategoryname":"FREEZER - VEGETABLES","dermatologisttested":null,"wool_productpackaging":null,"dermatologicallyapproved":null,"specialsgroupid":null,"productimages":"54135.jpg,54135_1.jpg,54135_2.jpg","productheightmm":null,"r&r_hidereviews":null,"microwavesafe":"False","paba-free":null,"lifestyleclaim":"Organic","alcoholfree":null,"tgawarning":null,"activeconstituents":null,"microwaveable":"False","soap-free":null,"countryoforigin":null,"isexcludedfromsubstitution":"False","productimagecount":"3","r&r_loggedinreviews":null,"anti-dandruff":null,"servingsize-total-nip":null,"tgahealthwarninglink":null,"allergenmaybepresent":null,"PiesProductDepartmentNodeId":"1_ACA2FC2","parabenfree":"False","vendorarticleid":null,"containsgluten":"False","containsnuts":"False","ingredients":"Organic Green Beans","colour":null,"manufacturer":null,"sapcategoryno":"97","storageinstructions":"Keep Frozen","tgawarnings":null,"piesdepartmentnamesjson":"[\"Freezer\"]","brand":"macro","oilfree":null,"fragrance":null,"antibacterial":"False","non-comedogenic":null,"antiseptic":"False","bpafree":"False","vendorcostprice":null,"description":"What's inside matters\nFrom the humble buttered green beans to a hearty veggie soup or stew, these organic green beans can do it all. Packed with fibre for a happy gut, this versatile veggie is a must-have in every home.\n\nFibre for a happy gut (1)\n(1) As part of a healthy balanced diet.\n\n1/2 cup = 1 serve of vegetables (2)\n(2) One serve of vegetables is equal to approximately 75g. Australian Dietary Guidelines recommend 5 serves of vegetables per day.","sweatresistant":null,"sapsubcategoryno":"103","claims":null,"antioxidant":"False","phbalanced":null,"wool_dietaryclaim":null,"ophthalmologisttested":null,"sulfatefree":"False","servingsperpack-total-nip":null,"piescategorynamesjson":"[\"Frozen Vegetables\",\"Frozen Gluten Free\"]","nutritionalinformation":"{\"Name\":\"Nutritional Information\",\"Attributes\":[{\"Id\":705,\"Name\":\"Carbohydrate Quantity Per 100g - Total - NIP\",\"Value\":\"Approx.3.3g\",\"Description\":\"Carbohydrate Quantity Per 100g - Total - NIP\",\"SortOrder\":83},{\"Id\":706,\"Name\":\"Carbohydrate Quantity Per Serve - Total - NIP\",\"Value\":\"Approx.2.5g\",\"Description\":\"Carbohydrate Quantity Per Serve - Total - NIP\",\"SortOrder\":87},{\"Id\":191,\"Name\":\"Dietary Fibre Quantity Per 100g - Total - NIP\",\"Value\":\"Approx.2.8g\",\"Description\":\"Dietary Fibre Quantity Per 100g - Total - NIP\",\"SortOrder\":175},{\"Id\":120,\"Name\":\"Dietary Fibre Quantity Per Serve - Total - NIP\",\"Value\":\"Approx.2.1g\",\"Description\":\"Dietary Fibre Quantity Per Serve - Total - NIP\",\"SortOrder\":179},{\"Id\":759,\"Name\":\"Energy kJ Quantity Per 100g - Total - NIP\",\"Value\":\"Approx.109kJ\",\"Description\":\"Energy kJ Quantity Per 100g - Total - NIP\",\"SortOrder\":239},{\"Id\":760,\"Name\":\"Energy kJ Quantity Per Serve - Total - NIP\",\"Value\":\"Approx.82kJ\",\"Description\":\"Energy kJ Quantity Per Serve - Total - NIP\",\"SortOrder\":243},{\"Id\":253,\"Name\":\"Fat Saturated Quantity Per 100g - Total - NIP\",\"Value\":\"<1g\",\"Description\":\"Fat Saturated Quantity Per 100g - Total - NIP\",\"SortOrder\":251},{\"Id\":258,\"Name\":\"Fat Saturated Quantity Per Serve - Total - NIP\",\"Value\":\"<1g\",\"Description\":\"Fat Saturated Quantity Per Serve - Total - NIP\",\"SortOrder\":255},{\"Id\":764,\"Name\":\"Fat Total Quantity Per 100g - Total - NIP\",\"Value\":\"<1g\",\"Description\":\"Fat Total Quantity Per 100g - Total - NIP\",\"SortOrder\":263},{\"Id\":166,\"Name\":\"Fat Total Quantity Per 100g - ValueWord - NIP\",\"Value\":\"1\",\"Description\":\"Fat Total Quantity Per 100g - ValueWord - NIP\",\"SortOrder\":264},{\"Id\":264,\"Name\":\"Fat Total Quantity Per Serve - Total - NIP\",\"Value\":\"<1g\",\"Description\":\"Fat Total Quantity Per Serve - Total - NIP\",\"SortOrder\":267},{\"Id\":878,\"Name\":\"Protein Quantity Per 100g - Total - NIP\",\"Value\":\"Approx.1.8g\",\"Description\":\"Protein Quantity Per 100g - Total - NIP\",\"SortOrder\":587},{\"Id\":882,\"Name\":\"Protein Quantity Per Serve - Total - NIP\",\"Value\":\"Approx.1.4g\",\"Description\":\"Protein Quantity Per Serve - Total - NIP\",\"SortOrder\":591},{\"Id\":477,\"Name\":\"Serving Size - Total - NIP\",\"Value\":\"75g\",\"Description\":\"Serving Size - Total - NIP\",\"SortOrder\":607},{\"Id\":544,\"Name\":\"Servings Per Pack - Total - NIP\",\"Value\":\"6\",\"Description\":\"Servings Per Pack - Total - NIP\",\"SortOrder\":611},{\"Id\":491,\"Name\":\"Sodium Quantity Per 100g - Total - NIP\",\"Value\":\"<5mg\",\"Description\":\"Sodium Quantity Per 100g - Total - NIP\",\"SortOrder\":623},{\"Id\":495,\"Name\":\"Sodium Quantity Per Serve - Total - NIP\",\"Value\":\"<5mg\",\"Description\":\"Sodium Quantity Per Serve - Total - NIP\",\"SortOrder\":627},{\"Id\":907,\"Name\":\"Sugars Quantity Per 100g - Prefix - NIP\",\"Value\":\"Approx.\",\"Description\":\"Sugars Quantity Per 100g - Prefix - NIP\",\"SortOrder\":645},{\"Id\":908,\"Name\":\"Sugars Quantity Per 100g - SuffixUnits - NIP\",\"Value\":\"g\",\"Description\":\"Sugars Quantity Per 100g - SuffixUnits - NIP\",\"SortOrder\":646},{\"Id\":909,\"Name\":\"Sugars Quantity Per 100g - Total - NIP\",\"Value\":\"Approx.2.6g\",\"Description\":\"Sugars Quantity Per 100g - Total - NIP\",\"SortOrder\":647},{\"Id\":910,\"Name\":\"Sugars Quantity Per 100g - ValueWord - NIP\",\"Value\":\"2.6\",\"Description\":\"Sugars Quantity Per 100g - ValueWord - NIP\",\"SortOrder\":648},{\"Id\":504,\"Name\":\"Sugars Quantity Per Serve - Prefix - NIP\",\"Value\":\"Approx.\",\"Description\":\"Sugars Quantity Per Serve - Prefix - NIP\",\"SortOrder\":649},{\"Id\":911,\"Name\":\"Sugars Quantity Per Serve - SuffixUnits - NIP\",\"Value\":\"g\",\"Description\":\"Sugars Quantity Per Serve - SuffixUnits - NIP\",\"SortOrder\":650},{\"Id\":912,\"Name\":\"Sugars Quantity Per Serve - Total - NIP\",\"Value\":\"Approx.2g\",\"Description\":\"Sugars Quantity Per Serve - Total - NIP\",\"SortOrder\":651},{\"Id\":572,\"Name\":\"Sugars Quantity Per Serve - ValueWord - NIP\",\"Value\":\"2\",\"Description\":\"Sugars Quantity Per Serve - ValueWord - NIP\",\"SortOrder\":652}]}","ovencook":"False","vegetarian":"False","hypo-allergenic":null,"timer":null,"dermatologistrecommended":null,"sapdepartmentno":"5","allergencontains":null,"waterresistant":null,"friendlydisclaimer":null,"recyclableinformation":null,"usageinstructions":null,"freezable":"False"},"DetailsImagePaths":["https://cdn0.woolworths.media/content/wowproductimages/large/054135.jpg"],"Variety":null,"Rating":{"ReviewCount":297,"RatingCount":297,"RatingSum":1273,"OneStarCount":1,"TwoStarCount":3,"ThreeStarCount":35,"FourStarCount":129,"FiveStarCount":129,"Average":4.28619528619529,"OneStarPercentage":0.336700336700337,"TwoStarPercentage":1.01010101010101,"ThreeStarPercentage":11.7845117845118,"FourStarPercentage":43.4343434343434,"FiveStarPercentage":43.4343434343434},"HasProductSubs":false,"IsSponsoredAd":false,"AdID":null,"AdIndex":null,"IsMarketProduct":false,"IsGiftable":false,"Vendor":null,"Untraceable":false,"ThirdPartyProductInfo":null,"MarketFeatures":null,"MarketSpecifications":null,"SupplyLimitSource":"StockQuantity","Tags":[{"Content":{"Type":"Label","Position":"Top","Attributes":{"Text":"Save $2.00","Promotion":"Special","BackgroundColor":"#fd0","BorderColor":"#fd0","TextColor":"#000"}},"TemplateId":null,"Metadata":null},{"Content":{"Type":"Roundel","Position":"Top","Attributes":{"ImagePath":"/content/promotiontags/roundel-special-200x200.png","FallbackText":"On Special"}},"TemplateId":null,"Metadata":null}],"IsPersonalisedByPurchaseHistory":false,"IsFromFacetedSearch":false,"NextAvailabilityDate":null,"NumberOfSubstitutes":0,"IsPrimaryVariant":false,"VariantGroupId":0,"HasVariants":false,"VariantTitle":null,"IsTobacco":false}],"Name":"Macro Organic Cut Green Beans","DisplayName":"Macro Organic Cut Green Beans 450g"},{"Products":[{"TileID":0,"Stockcode":27756,"Barcode":"9300633603373","GtinFormat":13,"CupPrice":0.75,"InstoreCupPrice":0.75,"CupMeasure":"100G","CupString":"$0.75 / 100G","InstoreCupString":"$0.75 / 100G","HasCupPrice":true,"InstoreHasCupPrice":true,"Price":3,"InstorePrice":3,"Name":"Essentials Beef Lasagne Null","DisplayName":"Essentials Beef Lasagne 400g","UrlFriendlyName":"essentials-beef-lasagne-null","Description":" Essentials Beef Lasagne Null 400G","SmallImageFile":"https://cdn0.woolworths.media/content/wowproductimages/small/027756.jpg","MediumImageFile":"https://cdn0.woolworths.media/content/wowproductimages/medium/027756.jpg","LargeImageFile":"https://cdn0.woolworths.media/content/wowproductimages/large/027756.jpg","IsNew":false,"IsHalfPrice":false,"IsOnlineOnly":false,"IsOnSpecial":false,"InstoreIsOnSpecial":false,"IsEdrSpecial":false,"SavingsAmount":0,"InstoreSavingsAmount":0,"WasPrice":3,"InstoreWasPrice":3,"QuantityInTrolley":0,"Unit":"Each","MinimumQuantity":1,"HasBeenBoughtBefore":false,"IsInTrolley":false,"Source":"Aisle.Freezer","SupplyLimit":16,"ProductLimit":50,"MaxSupplyLimitMessage":"16 item(s) left","IsRanged":true,"IsInStock":true,"PackageSize":"400G","IsPmDelivery":true,"IsForCollection":true,"IsForDelivery":true,"IsForExpress":true,"ProductRestrictionMessage":null,"ProductWarningMessage":null,"CentreTag":{"TagContent":null,"TagLink":null,"FallbackText":null,"TagType":"None","MultibuyData":null,"TagContentText":null,"DualImageTagContent":null,"PromotionType":"NOT_SET","IsRegisteredRewardCardPromotion":false},"IsCentreTag":false,"ImageTag":{"TagContent":null,"TagLink":null,"FallbackText":"","TagType":"None","MultibuyData":null,"TagContentText":null,"DualImageTagContent":null,"PromotionType":"NOT_SET","IsRegisteredRewardCardPromotion":false},"HeaderTag":{"BackgroundColor":"#c20016","BorderColor":"#c20016","TextColor":"#fff","Content":"LOW PRICE","TagLink":null,"Promotion":"LowPrice"},"HasHeaderTag":true,"UnitWeightInGrams":0,"SupplyLimitMessage":"'Essentials Beef Lasagne Null' has a supply limit of 16. The quantity in your cart has been reduced accordingly. To purchase a larger quantity, please contact us on 1800 000 610. Please note we do not supply trade orders.","SmallFormatDescription":"Essentials Beef Lasagne Null","FullDescription":"Essentials Beef Lasagne Null","IsAvailable":true,"InstoreIsAvailable":true,"IsPurchasable":true,"InstoreIsPurchasable":true,"AgeRestricted":false,"DisplayQuantity":1,"RichDescription":null,"HideWasSavedPrice":false,"SapCategories":null,"Brand":"Essentials","IsRestrictedByDeliveryMethod":false,"FooterTag":{"TagContent":"Lower Price Always","TagLink":null,"FallbackText":null,"TagType":"Html","MultibuyData":null,"TagContentText":null,"DualImageTagContent":null,"PromotionType":"NOT_SET","IsRegisteredRewardCardPromotion":false},"IsFooterEnabled":true,"Diagnostics":"24","IsBundle":false,"IsInFamily":false,"ChildProducts":null,"UrlOverride":null,"AdditionalAttributes":{"boxedcontents":null,"addedvitaminsandminerals":"False","sapdepartmentname":"GROCERIES","spf":null,"haircolour":null,"lifestyleanddietarystatement":"Low Sugar","sapcategoryname":"FROZEN MEALS","skintype":null,"importantinformation":null,"allergystatement":"Fish Free","productdepthmm":null,"skincondition":null,"ophthalmologistapproved":null,"healthstarrating":"3","hairtype":null,"fragrance-free":null,"sapsegmentname":"TRADITIONAL MEALS UNDER 400G","suitablefor":null,"PiesProductDepartmentsjson":"[{\"Id\":\"1_ACA2FC2\",\"Description\":\"Freezer\"}]","piessubcategorynamesjson":"[\"Frozen Meals\"]","sapsegmentno":"7","productwidthmm":null,"contains":null,"sapsubcategoryname":"FREEZER - MEALS & INGREDIENTS","dermatologisttested":null,"wool_productpackaging":null,"dermatologicallyapproved":null,"specialsgroupid":null,"productimages":"27756.jpg","productheightmm":null,"r&r_hidereviews":null,"microwavesafe":"False","paba-free":null,"lifestyleclaim":null,"alcoholfree":null,"tgawarning":null,"activeconstituents":null,"microwaveable":"False","soap-free":null,"countryoforigin":null,"isexcludedfromsubstitution":"False","productimagecount":"1","r&r_loggedinreviews":null,"anti-dandruff":null,"servingsize-total-nip":null,"tgahealthwarninglink":null,"allergenmaybepresent":"Peanuts, Tree Nuts","PiesProductDepartmentNodeId":"1_ACA2FC2","parabenfree":"False","vendorarticleid":null,"containsgluten":"False","containsnuts":"False","ingredients":"Milk, Cooked Pasta (24%) (Wheat Semolina, Water), Water, Beef (14%), Crushed Tomatoes (Tomatoes, Tomato Juice, Food Acid (330), Mineral Salt (509)), Tomato Paste, Cheese (2.5%) (Milk, Salt, Culture, Rennet, Enzyme), Margarine (Vegetable Oil (from Soy), Milk Solids), Wheat Flour, Onions, Thickener (1422, from Tapioca), Carrots, Salt, Sugar, Natural Beef Flavour (from Soy), Garlic, Canola Oil, Herbs, Lemon Juice Concentrate, Spices.","colour":null,"manufacturer":null,"sapcategoryno":"97","storageinstructions":"Keep frozen. Store at or below -18°C. Once cooked, do not refreeze.","tgawarnings":null,"piesdepartmentnamesjson":"[\"Freezer\"]","brand":"essentials","oilfree":null,"fragrance":null,"antibacterial":"False","non-comedogenic":null,"antiseptic":"False","bpafree":"False","vendorcostprice":null,"description":"<p></p>","sweatresistant":null,"sapsubcategoryno":"91","claims":null,"antioxidant":"False","phbalanced":null,"wool_dietaryclaim":null,"ophthalmologisttested":null,"sulfatefree":"False","servingsperpack-total-nip":null,"piescategorynamesjson":"[\"Frozen Meals\"]","nutritionalinformation":"{\"Name\":\"Nutritional Information\",\"Attributes\":[{\"Id\":702,\"Name\":\"Calcium Quantity Per 100g - Total - NIP\",\"Value\":\"64mg\",\"Description\":\"Calcium Quantity Per 100g - Total - NIP\",\"SortOrder\":71},{\"Id\":47,\"Name\":\"Calcium Quantity Per Serve - Total - NIP\",\"Value\":\"128mg\",\"Description\":\"Calcium Quantity Per Serve - Total - NIP\",\"SortOrder\":75},{\"Id\":705,\"Name\":\"Carbohydrate Quantity Per 100g - Total - NIP\",\"Value\":\"14.0g\",\"Description\":\"Carbohydrate Quantity Per 100g - Total - NIP\",\"SortOrder\":83},{\"Id\":706,\"Name\":\"Carbohydrate Quantity Per Serve - Total - NIP\",\"Value\":\"28.0g\",\"Description\":\"Carbohydrate Quantity Per Serve - Total - NIP\",\"SortOrder\":87},{\"Id\":714,\"Name\":\"Cholesterol Quantity Per 100g - Total - NIP\",\"Value\":\"16mg\",\"Description\":\"Cholesterol Quantity Per 100g - Total - NIP\",\"SortOrder\":111},{\"Id\":125,\"Name\":\"Cholesterol Quantity Per Serve - Total - NIP\",\"Value\":\"32mg\",\"Description\":\"Cholesterol Quantity Per Serve - Total - NIP\",\"SortOrder\":115},{\"Id\":191,\"Name\":\"Dietary Fibre Quantity Per 100g - Total - NIP\",\"Value\":\"2.1g\",\"Description\":\"Dietary Fibre Quantity Per 100g - Total - NIP\",\"SortOrder\":175},{\"Id\":120,\"Name\":\"Dietary Fibre Quantity Per Serve - Total - NIP\",\"Value\":\"4.2g\",\"Description\":\"Dietary Fibre Quantity Per Serve - Total - NIP\",\"SortOrder\":179},{\"Id\":759,\"Name\":\"Energy kJ Quantity Per 100g - Total - NIP\",\"Value\":\"580kJ\",\"Description\":\"Energy kJ Quantity Per 100g - Total - NIP\",\"SortOrder\":239},{\"Id\":760,\"Name\":\"Energy kJ Quantity Per Serve - Total - NIP\",\"Value\":\"1160kJ\",\"Description\":\"Energy kJ Quantity Per Serve - Total - NIP\",\"SortOrder\":243},{\"Id\":253,\"Name\":\"Fat Saturated Quantity Per 100g - Total - NIP\",\"Value\":\"2.7g\",\"Description\":\"Fat Saturated Quantity Per 100g - Total - NIP\",\"SortOrder\":251},{\"Id\":258,\"Name\":\"Fat Saturated Quantity Per Serve - Total - NIP\",\"Value\":\"5.4g\",\"Description\":\"Fat Saturated Quantity Per Serve - Total - NIP\",\"SortOrder\":255},{\"Id\":764,\"Name\":\"Fat Total Quantity Per 100g - Total - NIP\",\"Value\":\"6.0g\",\"Description\":\"Fat Total Quantity Per 100g - Total - NIP\",\"SortOrder\":263},{\"Id\":166,\"Name\":\"Fat Total Quantity Per 100g - ValueWord - NIP\",\"Value\":\"6.0\",\"Description\":\"Fat Total Quantity Per 100g - ValueWord - NIP\",\"SortOrder\":264},{\"Id\":264,\"Name\":\"Fat Total Quantity Per Serve - Total - NIP\",\"Value\":\"12.0g\",\"Description\":\"Fat Total Quantity Per Serve - Total - NIP\",\"SortOrder\":267},{\"Id\":402,\"Name\":\"Monounsaturated Quantity Per 100g - Total - NIP\",\"Value\":\"2.3g\",\"Description\":\"Monounsaturated Quantity Per 100g - Total - NIP\",\"SortOrder\":479},{\"Id\":834,\"Name\":\"Monounsaturated Quantity Per Serve - Total - NIP\",\"Value\":\"4.6g\",\"Description\":\"Monounsaturated Quantity Per Serve - Total - NIP\",\"SortOrder\":483},{\"Id\":434,\"Name\":\"Polyunsaturated Quantity Per 100g - Total - NIP\",\"Value\":\"1.0g\",\"Description\":\"Polyunsaturated Quantity Per 100g - Total - NIP\",\"SortOrder\":563},{\"Id\":435,\"Name\":\"Polyunsaturated Quantity Per Serve - Total - NIP\",\"Value\":\"2.0g\",\"Description\":\"Polyunsaturated Quantity Per Serve - Total - NIP\",\"SortOrder\":567},{\"Id\":443,\"Name\":\"Potassium Quantity Per 100g - Total - NIP\",\"Value\":\"150mg\",\"Description\":\"Potassium Quantity Per 100g - Total - NIP\",\"SortOrder\":575},{\"Id\":493,\"Name\":\"Potassium Quantity Per Serve - Total - NIP\",\"Value\":\"300mg\",\"Description\":\"Potassium Quantity Per Serve - Total - NIP\",\"SortOrder\":579},{\"Id\":878,\"Name\":\"Protein Quantity Per 100g - Total - NIP\",\"Value\":\"6.5g\",\"Description\":\"Protein Quantity Per 100g - Total - NIP\",\"SortOrder\":587},{\"Id\":882,\"Name\":\"Protein Quantity Per Serve - Total - NIP\",\"Value\":\"13.0g\",\"Description\":\"Protein Quantity Per Serve - Total - NIP\",\"SortOrder\":591},{\"Id\":477,\"Name\":\"Serving Size - Total - NIP\",\"Value\":\"200g\",\"Description\":\"Serving Size - Total - NIP\",\"SortOrder\":607},{\"Id\":544,\"Name\":\"Servings Per Pack - Total - NIP\",\"Value\":\"2\",\"Description\":\"Servings Per Pack - Total - NIP\",\"SortOrder\":611},{\"Id\":491,\"Name\":\"Sodium Quantity Per 100g - Total - NIP\",\"Value\":\"270mg\",\"Description\":\"Sodium Quantity Per 100g - Total - NIP\",\"SortOrder\":623},{\"Id\":495,\"Name\":\"Sodium Quantity Per Serve - Total - NIP\",\"Value\":\"540mg\",\"Description\":\"Sodium Quantity Per Serve - Total - NIP\",\"SortOrder\":627},{\"Id\":907,\"Name\":\"Sugars Quantity Per 100g - Prefix - NIP\",\"Value\":null,\"Description\":\"Sugars Quantity Per 100g - Prefix - NIP\",\"SortOrder\":645},{\"Id\":908,\"Name\":\"Sugars Quantity Per 100g - SuffixUnits - NIP\",\"Value\":\"g\",\"Description\":\"Sugars Quantity Per 100g - SuffixUnits - NIP\",\"SortOrder\":646},{\"Id\":909,\"Name\":\"Sugars Quantity Per 100g - Total - NIP\",\"Value\":\"1.3g\",\"Description\":\"Sugars Quantity Per 100g - Total - NIP\",\"SortOrder\":647},{\"Id\":910,\"Name\":\"Sugars Quantity Per 100g - ValueWord - NIP\",\"Value\":\"1.3\",\"Description\":\"Sugars Quantity Per 100g - ValueWord - NIP\",\"SortOrder\":648},{\"Id\":504,\"Name\":\"Sugars Quantity Per Serve - Prefix - NIP\",\"Value\":null,\"Description\":\"Sugars Quantity Per Serve - Prefix - NIP\",\"SortOrder\":649},{\"Id\":911,\"Name\":\"Sugars Quantity Per Serve - SuffixUnits - NIP\",\"Value\":\"g\",\"Description\":\"Sugars Quantity Per Serve - SuffixUnits - NIP\",\"SortOrder\":650},{\"Id\":912,\"Name\":\"Sugars Quantity Per Serve - Total - NIP\",\"Value\":\"2.6g\",\"Description\":\"Sugars Quantity Per Serve - Total - NIP\",\"SortOrder\":651},{\"Id\":572,\"Name\":\"Sugars Quantity Per Serve - ValueWord - NIP\",\"Value\":\"2.6\",\"Description\":\"Sugars Quantity Per Serve - ValueWord - NIP\",\"SortOrder\":652},{\"Id\":593,\"Name\":\"Trans Quantity Per 100g - Total - NIP\",\"Value\":\"0.2g\",\"Description\":\"Trans Quantity Per 100g - Total - NIP\",\"SortOrder\":667},{\"Id\":510,\"Name\":\"Trans Quantity Per Serve - Total - NIP\",\"Value\":\"0.4g\",\"Description\":\"Trans Quantity Per Serve - Total - NIP\",\"SortOrder\":671}]}","ovencook":"False","vegetarian":"False","hypo-allergenic":null,"timer":null,"dermatologistrecommended":null,"sapdepartmentno":"5","allergencontains":"Gluten, Milk, Soybean","waterresistant":null,"friendlydisclaimer":null,"recyclableinformation":null,"usageinstructions":null,"freezable":"False"},"DetailsImagePaths":["https://cdn0.woolworths.media/content/wowproductimages/large/027756.jpg"],"Variety":"NULL","Rating":{"ReviewCount":197,"RatingCount":197,"RatingSum":826,"OneStarCount":5,"TwoStarCount":4,"ThreeStarCount":30,"FourStarCount":67,"FiveStarCount":91,"Average":4.19289340101523,"OneStarPercentage":2.53807106598985,"TwoStarPercentage":2.03045685279188,"ThreeStarPercentage":15.2284263959391,"FourStarPercentage":34.010152284264,"FiveStarPercentage":46.1928934010152},"HasProductSubs":false,"IsSponsoredAd":false,"AdID":null,"AdIndex":null,"IsMarketProduct":false,"IsGiftable":false,"Vendor":null,"Untraceable":false,"ThirdPartyProductInfo":null,"MarketFeatures":null,"MarketSpecifications":null,"SupplyLimitSource":"StockQuantity","Tags":[{"Content":{"Type":"Label","Position":"Top","Attributes":{"Text":"LOW PRICE","Promotion":"LowPrice","BackgroundColor":"#c20016","BorderColor":"#c20016","TextColor":"#fff"}},"TemplateId":null,"Metadata":null}],"IsPersonalisedByPurchaseHistory":false,"IsFromFacetedSearch":false,"NextAvailabilityDate":null,"NumberOfSubstitutes":0,"IsPrimaryVariant":false,"VariantGroupId":0,"HasVariants":false,"VariantTitle":null,"IsTobacco":false}],"Name":"Essentials Beef Lasagne Null","DisplayName":"Essentials Beef Lasagne 400g"},{"Products":[{"TileID":0,"Stockcode":120140,"Barcode":"9339687212279","GtinFormat":13,"CupPrice":6,"InstoreCupPrice":6,"CupMeasure":"1KG","CupString":"$6.00 / 1KG","InstoreCupString":"$6.00 / 1KG","HasCupPrice":true,"InstoreHasCupPrice":true,"Price":3,"InstorePrice":3,"Name":"Bell Farms Snap Frozen Cauliflower Florets","DisplayName":"Bell Farms Snap Frozen Cauliflower Florets 500g","UrlFriendlyName":"bell-farms-snap-frozen-cauliflower-florets","Description":" Bell Farms Snap Frozen<br>Cauliflower Florets 500G","SmallImageFile":"https://cdn0.woolworths.media/content/wowproductimages/small/120140.jpg","MediumImageFile":"https://cdn0.woolworths.media/content/wowproductimages/medium/120140.jpg","LargeImageFile":"https://cdn0.woolworths.media/content/wowproductimages/large/120140.jpg","IsNew":false,"IsHalfPrice":false,"IsOnlineOnly":false,"IsOnSpecial":false,"InstoreIsOnSpecial":false,"IsEdrSpecial":false,"SavingsAmount":0,"InstoreSavingsAmount":0,"WasPrice":3,"InstoreWasPrice":3,"QuantityInTrolley":0,"Unit":"Each","MinimumQuantity":1,"HasBeenBoughtBefore":false,"IsInTrolley":false,"Source":"Aisle.Freezer","SupplyLimit":5,"ProductLimit":50,"MaxSupplyLimitMessage":"5 item(s) left","IsRanged":true,"IsInStock":true,"PackageSize":"500G","IsPmDelivery":false,"IsForCollection":true,"IsForDelivery":true,"IsForExpress":true,"ProductRestrictionMessage":null,"ProductWarningMessage":null,"CentreTag":{"TagContent":null,"TagLink":null,"FallbackText":null,"TagType":"None","MultibuyData":null,"TagContentText":null,"DualImageTagContent":null,"PromotionType":"NOT_SET","IsRegisteredRewardCardPromotion":false},"IsCentreTag":false,"ImageTag":{"TagContent":null,"TagLink":null,"FallbackText":"","TagType":"None","MultibuyData":null,"TagContentText":null,"DualImageTagContent":null,"PromotionType":"NOT_SET","IsRegisteredRewardCardPromotion":false},"HeaderTag":null,"HasHeaderTag":false,"UnitWeightInGrams":0,"SupplyLimitMessage":"'Bell Farms Snap Frozen Cauliflower Florets' has a supply limit of 5. The quantity in your cart has been reduced accordingly. To purchase a larger quantity, please contact us on 1800 000 610. Please note we do not supply trade orders.","SmallFormatDescription":"Bell Farms Snap Frozen Cauliflower Florets","FullDescription":"Bell Farms Snap Frozen Cauliflower Florets","IsAvailable":true,"InstoreIsAvailable":true,"IsPurchasable":true,"InstoreIsPurchasable":true,"AgeRestricted":false,"DisplayQuantity":1,"RichDescription":null,"HideWasSavedPrice":false,"SapCategories":null,"Brand":"Bell Farms","IsRestrictedByDeliveryMethod":false,"FooterTag":{"TagContent":null,"TagLink":null,"FallbackText":null,"TagType":"None","MultibuyData":null,"TagContentText":null,"DualImageTagContent":null,"PromotionType":"NOT_SET","IsRegisteredRewardCardPromotion":false},"IsFooterEnabled":false,"Diagnostics":"25","IsBundle":false,"IsInFamily":false,"ChildProducts":null,"UrlOverride":null,"AdditionalAttributes":{"boxedcontents":null,"addedvitaminsandminerals":"False","sapdepartmentname":"GROCERIES","spf":null,"haircolour":null,"lifestyleanddietarystatement":"Low Fat","sapcategoryname":"FROZEN MEALS","skintype":null,"importantinformation":null,"allergystatement":"Gluten Free","productdepthmm":null,"skincondition":null,"ophthalmologistapproved":null,"healthstarrating":"5","hairtype":null,"fragrance-free":null,"sapsegmentname":"CAULIFLOWER","suitablefor":null,"PiesProductDepartmentsjson":"[{\"Id\":\"1_ACA2FC2\",\"Description\":\"Freezer\"}]","piessubcategorynamesjson":"[\"Other Vegetables\",\"Gluten Free\"]","sapsegmentno":"7","productwidthmm":null,"contains":null,"sapsubcategoryname":"FREEZER - VEGETABLES","dermatologisttested":null,"wool_productpackaging":null,"dermatologicallyapproved":null,"specialsgroupid":null,"productimages":"120140.jpg,120140_2.jpg","productheightmm":null,"r&r_hidereviews":null,"microwavesafe":"False","paba-free":null,"lifestyleclaim":null,"alcoholfree":null,"tgawarning":null,"activeconstituents":null,"microwaveable":"False","soap-free":null,"countryoforigin":null,"isexcludedfromsubstitution":"False","productimagecount":"2","r&r_loggedinreviews":null,"anti-dandruff":null,"servingsize-total-nip":null,"tgahealthwarninglink":null,"allergenmaybepresent":null,"PiesProductDepartmentNodeId":"1_ACA2FC2","parabenfree":"False","vendorarticleid":null,"containsgluten":"False","containsnuts":"False","ingredients":"Cauliflower","colour":null,"manufacturer":null,"sapcategoryno":"97","storageinstructions":"Keep Frozen","tgawarnings":null,"piesdepartmentnamesjson":"[\"Freezer\"]","brand":"bell farms","oilfree":null,"fragrance":null,"antibacterial":"False","non-comedogenic":null,"antiseptic":"False","bpafree":"False","vendorcostprice":null,"description":null,"sweatresistant":null,"sapsubcategoryno":"103","claims":null,"antioxidant":"False","phbalanced":null,"wool_dietaryclaim":null,"ophthalmologisttested":null,"sulfatefree":"False","servingsperpack-total-nip":null,"piescategorynamesjson":"[\"Frozen Vegetables\",\"Frozen Gluten Free\"]","nutritionalinformation":"{\"Name\":\"Nutritional Information\",\"Attributes\":[{\"Id\":705,\"Name\":\"Carbohydrate Quantity Per 100g - Total - NIP\",\"Value\":\"Approx.2.8g\",\"Description\":\"Carbohydrate Quantity Per 100g - Total - NIP\",\"SortOrder\":83},{\"Id\":706,\"Name\":\"Carbohydrate Quantity Per Serve - Total - NIP\",\"Value\":\"Approx.2.1g\",\"Description\":\"Carbohydrate Quantity Per Serve - Total - NIP\",\"SortOrder\":87},{\"Id\":191,\"Name\":\"Dietary Fibre Quantity Per 100g - Total - NIP\",\"Value\":\"Approx.2.1g\",\"Description\":\"Dietary Fibre Quantity Per 100g - Total - NIP\",\"SortOrder\":175},{\"Id\":120,\"Name\":\"Dietary Fibre Quantity Per Serve - Total - NIP\",\"Value\":\"Approx.1.6g\",\"Description\":\"Dietary Fibre Quantity Per Serve - Total - NIP\",\"SortOrder\":179},{\"Id\":759,\"Name\":\"Energy kJ Quantity Per 100g - Total - NIP\",\"Value\":\"Approx.111kJ\",\"Description\":\"Energy kJ Quantity Per 100g - Total - NIP\",\"SortOrder\":239},{\"Id\":760,\"Name\":\"Energy kJ Quantity Per Serve - Total - NIP\",\"Value\":\"Approx.83kJ\",\"Description\":\"Energy kJ Quantity Per Serve - Total - NIP\",\"SortOrder\":243},{\"Id\":253,\"Name\":\"Fat Saturated Quantity Per 100g - Total - NIP\",\"Value\":\"<1g\",\"Description\":\"Fat Saturated Quantity Per 100g - Total - NIP\",\"SortOrder\":251},{\"Id\":258,\"Name\":\"Fat Saturated Quantity Per Serve - Total - NIP\",\"Value\":\"<1g\",\"Description\":\"Fat Saturated Quantity Per Serve - Total - NIP\",\"SortOrder\":255},{\"Id\":764,\"Name\":\"Fat Total Quantity Per 100g - Total - NIP\",\"Value\":\"<1g\",\"Description\":\"Fat Total Quantity Per 100g - Total - NIP\",\"SortOrder\":263},{\"Id\":166,\"Name\":\"Fat Total Quantity Per 100g - ValueWord - NIP\",\"Value\":\"1\",\"Description\":\"Fat Total Quantity Per 100g - ValueWord - NIP\",\"SortOrder\":264},{\"Id\":264,\"Name\":\"Fat Total Quantity Per Serve - Total - NIP\",\"Value\":\"<1g\",\"Description\":\"Fat Total Quantity Per Serve - Total - NIP\",\"SortOrder\":267},{\"Id\":878,\"Name\":\"Protein Quantity Per 100g - Total - NIP\",\"Value\":\"Approx.2.1g\",\"Description\":\"Protein Quantity Per 100g - Total - NIP\",\"SortOrder\":587},{\"Id\":882,\"Name\":\"Protein Quantity Per Serve - Total - NIP\",\"Value\":\"Approx.1.6g\",\"Description\":\"Protein Quantity Per Serve - Total - NIP\",\"SortOrder\":591},{\"Id\":477,\"Name\":\"Serving Size - Total - NIP\",\"Value\":\"75g\",\"Description\":\"Serving Size - Total - NIP\",\"SortOrder\":607},{\"Id\":491,\"Name\":\"Sodium Quantity Per 100g - Total - NIP\",\"Value\":\"Approx.47mg\",\"Description\":\"Sodium Quantity Per 100g - Total - NIP\",\"SortOrder\":623},{\"Id\":495,\"Name\":\"Sodium Quantity Per Serve - Total - NIP\",\"Value\":\"Approx.10mg\",\"Description\":\"Sodium Quantity Per Serve - Total - NIP\",\"SortOrder\":627},{\"Id\":907,\"Name\":\"Sugars Quantity Per 100g - Prefix - NIP\",\"Value\":\"Approx.\",\"Description\":\"Sugars Quantity Per 100g - Prefix - NIP\",\"SortOrder\":645},{\"Id\":908,\"Name\":\"Sugars Quantity Per 100g - SuffixUnits - NIP\",\"Value\":\"g\",\"Description\":\"Sugars Quantity Per 100g - SuffixUnits - NIP\",\"SortOrder\":646},{\"Id\":909,\"Name\":\"Sugars Quantity Per 100g - Total - NIP\",\"Value\":\"Approx.2.1g\",\"Description\":\"Sugars Quantity Per 100g - Total - NIP\",\"SortOrder\":647},{\"Id\":910,\"Name\":\"Sugars Quantity Per 100g - ValueWord - NIP\",\"Value\":\"2.1\",\"Description\":\"Sugars Quantity Per 100g - ValueWord - NIP\",\"SortOrder\":648},{\"Id\":504,\"Name\":\"Sugars Quantity Per Serve - Prefix - NIP\",\"Value\":\"Approx.\",\"Description\":\"Sugars Quantity Per Serve - Prefix - NIP\",\"SortOrder\":649},{\"Id\":911,\"Name\":\"Sugars Quantity Per Serve - SuffixUnits - NIP\",\"Value\":\"g\",\"Description\":\"Sugars Quantity Per Serve - SuffixUnits - NIP\",\"SortOrder\":650},{\"Id\":912,\"Name\":\"Sugars Quantity Per Serve - Total - NIP\",\"Value\":\"Approx.1.6g\",\"Description\":\"Sugars Quantity Per Serve - Total - NIP\",\"SortOrder\":651},{\"Id\":572,\"Name\":\"Sugars Quantity Per Serve - ValueWord - NIP\",\"Value\":\"1.6\",\"Description\":\"Sugars Quantity Per Serve - ValueWord - NIP\",\"SortOrder\":652}]}","ovencook":"False","vegetarian":"False","hypo-allergenic":null,"timer":null,"dermatologistrecommended":null,"sapdepartmentno":"5","allergencontains":null,"waterresistant":null,"friendlydisclaimer":null,"recyclableinformation":null,"usageinstructions":null,"freezable":"False"},"DetailsImagePaths":["https://cdn0.woolworths.media/content/wowproductimages/large/120140.jpg"],"Variety":"Florets","Rating":{"ReviewCount":838,"RatingCount":838,"RatingSum":3489,"OneStarCount":12,"TwoStarCount":16,"ThreeStarCount":105,"FourStarCount":395,"FiveStarCount":310,"Average":4.16348448687351,"OneStarPercentage":1.43198090692124,"TwoStarPercentage":1.90930787589499,"ThreeStarPercentage":12.5298329355609,"FourStarPercentage":47.1360381861575,"FiveStarPercentage":36.9928400954654},"HasProductSubs":false,"IsSponsoredAd":false,"AdID":null,"AdIndex":null,"IsMarketProduct":false,"IsGiftable":false,"Vendor":null,"Untraceable":false,"ThirdPartyProductInfo":null,"MarketFeatures":null,"MarketSpecifications":null,"SupplyLimitSource":"StockQuantity","Tags":null,"IsPersonalisedByPurchaseHistory":false,"IsFromFacetedSearch":false,"NextAvailabilityDate":null,"NumberOfSubstitutes":0,"IsPrimaryVariant":false,"VariantGroupId":0,"HasVariants":false,"VariantTitle":null,"IsTobacco":false}],"Name":"Bell Farms Snap Frozen Cauliflower Florets","DisplayName":"Bell Farms Snap Frozen Cauliflower Florets 500g"},{"Products":[{"TileID":0,"Stockcode":817502,"Barcode":"9339687075331","GtinFormat":13,"CupPrice":6.67,"InstoreCupPrice":11.11,"CupMeasure":"1KG","CupString":"$6.67 / 1KG","InstoreCupString":"$11.11 / 1KG","HasCupPrice":true,"InstoreHasCupPrice":true,"Price":3,"InstorePrice":3,"Name":"Macro Organic Corn Kernels","DisplayName":"Macro Organic Corn Kernels 450g","UrlFriendlyName":"macro-organic-corn-kernels","Description":" Macro Organic Corn Kernels  450G","SmallImageFile":"https://cdn0.woolworths.media/content/wowproductimages/small/817502.jpg","MediumImageFile":"https://cdn0.woolworths.media/content/wowproductimages/medium/817502.jpg","LargeImageFile":"https://cdn0.woolworths.media/content/wowproductimages/large/817502.jpg","IsNew":false,"IsHalfPrice":false,"IsOnlineOnly":false,"IsOnSpecial":true,"InstoreIsOnSpecial":true,"IsEdrSpecial":false,"SavingsAmount":2,"InstoreSavingsAmount":2,"WasPrice":5,"InstoreWasPrice":5,"QuantityInTrolley":0,"Unit":"Each","MinimumQuantity":1,"HasBeenBoughtBefore":false,"IsInTrolley":false,"Source":"Aisle.Freezer","SupplyLimit":9,"ProductLimit":50,"MaxSupplyLimitMessage":"9 item(s) left","IsRanged":true,"IsInStock":true,"PackageSize":"450G","IsPmDelivery":true,"IsForCollection":true,"IsForDelivery":true,"IsForExpress":true,"ProductRestrictionMessage":null,"ProductWarningMessage":null,"CentreTag":{"TagContent":null,"TagLink":null,"FallbackText":null,"TagType":"None","MultibuyData":null,"TagContentText":null,"DualImageTagContent":null,"PromotionType":"NOT_SET","IsRegisteredRewardCardPromotion":false},"IsCentreTag":false,"ImageTag":{"TagContent":"/content/promotiontags/roundel-special-200x200.png","TagLink":"","FallbackText":"On Special","TagType":"None","MultibuyData":null,"TagContentText":null,"DualImageTagContent":null,"PromotionType":"NOT_SET","IsRegisteredRewardCardPromotion":false},"HeaderTag":{"BackgroundColor":"#fd0","BorderColor":"#fd0","TextColor":"#000","Content":"Save $2.00","TagLink":null,"Promotion":"Special"},"HasHeaderTag":true,"UnitWeightInGrams":0,"SupplyLimitMessage":"'Macro Organic Corn Kernels' has a supply limit of 9. The quantity in your cart has been reduced accordingly. To purchase a larger quantity, please contact us on 1800 000 610. Please note we do not supply trade orders.","SmallFormatDescription":"Macro Organic Corn Kernels ","FullDescription":"Macro Organic Corn Kernels ","IsAvailable":true,"InstoreIsAvailable":true,"IsPurchasable":true,"InstoreIsPurchasable":true,"AgeRestricted":false,"DisplayQuantity":1,"RichDescription":null,"HideWasSavedPrice":false,"SapCategories":null,"Brand":"Macro","IsRestrictedByDeliveryMethod":false,"FooterTag":{"TagContent":null,"TagLink":null,"FallbackText":null,"TagType":"None","MultibuyData":null,"TagContentText":null,"DualImageTagContent":null,"PromotionType":"NOT_SET","IsRegisteredRewardCardPromotion":false},"IsFooterEnabled":true,"Diagnostics":"26","IsBundle":false,"IsInFamily":false,"ChildProducts":null,"UrlOverride":null,"AdditionalAttributes":{"boxedcontents":null,"addedvitaminsandminerals":"False","sapdepartmentname":"GROCERIES","spf":null,"haircolour":null,"lifestyleanddietarystatement":"Organic","sapcategoryname":"FROZEN MEALS","skintype":null,"importantinformation":null,"allergystatement":"Dairy Free","productdepthmm":null,"skincondition":null,"ophthalmologistapproved":null,"healthstarrating":"4.5","hairtype":null,"fragrance-free":null,"sapsegmentname":"CORN KERNELS","suitablefor":null,"PiesProductDepartmentsjson":"[{\"Id\":\"1_ACA2FC2\",\"Description\":\"Freezer\"}]","piessubcategorynamesjson":"[\"Corn\",\"Gluten Free\"]","sapsegmentno":"9","productwidthmm":null,"contains":null,"sapsubcategoryname":"FREEZER - VEGETABLES","dermatologisttested":null,"wool_productpackaging":null,"dermatologicallyapproved":null,"specialsgroupid":null,"productimages":"817502.jpg,817502_1.jpg,817502_7.jpg,817502_8.jpg","productheightmm":null,"r&r_hidereviews":null,"microwavesafe":"False","paba-free":null,"lifestyleclaim":"Organic","alcoholfree":null,"tgawarning":null,"activeconstituents":null,"microwaveable":"False","soap-free":null,"countryoforigin":null,"isexcludedfromsubstitution":"False","productimagecount":"4","r&r_loggedinreviews":null,"anti-dandruff":null,"servingsize-total-nip":null,"tgahealthwarninglink":null,"allergenmaybepresent":null,"PiesProductDepartmentNodeId":"1_ACA2FC2","parabenfree":"False","vendorarticleid":null,"containsgluten":"False","containsnuts":"False","ingredients":"Organic Corn Kernels","colour":null,"manufacturer":null,"sapcategoryno":"97","storageinstructions":"Keep Frozen","tgawarnings":null,"piesdepartmentnamesjson":"[\"Freezer\"]","brand":"macro","oilfree":null,"fragrance":null,"antibacterial":"False","non-comedogenic":null,"antiseptic":"False","bpafree":"False","vendorcostprice":null,"description":"Call us corny but we can't resist a warm bowl of buttered corn any time of the day. We also love these organic kernels in tacos, fritters, chowder and puddings.<div> Add them a delicious and indulgent <a href=\"https://www.woolworths.com.au/shop/recipedetail/10370/chicken-and-leek-pie\" target=\" \" target=\"_blank\">Chicken & Leek Pie</a></div> or make them the star of a Meatless Monday dinner with this <a href=\"https://www.woolworths.com.au/shop/recipedetail/10367/creamy-vegan-corn-soup\" target=\" \" target=\"_blank\">Creamy Vegan(!) Corn Soup</a></div> <br><br>Packed with Niacin, a great brain food, these sweet bites are what sunshine tastes like.<br><br>Niacin (vitamin B3) as brain food (1)<br>(1) As part of a healthy balanced diet<br><br>1/2 cup = 1 serve of vegetables (2)<br>(2) One serve of vegetables is equal to approximately 75g. Australian Dietary Guidelines recommend 5 serves of vegetables per day.</div>","sweatresistant":null,"sapsubcategoryno":"103","claims":null,"antioxidant":"False","phbalanced":null,"wool_dietaryclaim":null,"ophthalmologisttested":null,"sulfatefree":"False","servingsperpack-total-nip":null,"piescategorynamesjson":"[\"Frozen Vegetables\",\"Frozen Gluten Free\"]","nutritionalinformation":"{\"Name\":\"Nutritional Information\",\"Attributes\":[{\"Id\":705,\"Name\":\"Carbohydrate Quantity Per 100g - Total - NIP\",\"Value\":\"Approx.16.8g\",\"Description\":\"Carbohydrate Quantity Per 100g - Total - NIP\",\"SortOrder\":83},{\"Id\":706,\"Name\":\"Carbohydrate Quantity Per Serve - Total - NIP\",\"Value\":\"Approx.12.6g\",\"Description\":\"Carbohydrate Quantity Per Serve - Total - NIP\",\"SortOrder\":87},{\"Id\":191,\"Name\":\"Dietary Fibre Quantity Per 100g - Total - NIP\",\"Value\":\"Approx.2.5g\",\"Description\":\"Dietary Fibre Quantity Per 100g - Total - NIP\",\"SortOrder\":175},{\"Id\":120,\"Name\":\"Dietary Fibre Quantity Per Serve - Total - NIP\",\"Value\":\"Approx.1.9g\",\"Description\":\"Dietary Fibre Quantity Per Serve - Total - NIP\",\"SortOrder\":179},{\"Id\":759,\"Name\":\"Energy kJ Quantity Per 100g - Total - NIP\",\"Value\":\"Approx.390kJ\",\"Description\":\"Energy kJ Quantity Per 100g - Total - NIP\",\"SortOrder\":239},{\"Id\":760,\"Name\":\"Energy kJ Quantity Per Serve - Total - NIP\",\"Value\":\"Approx.292kJ\",\"Description\":\"Energy kJ Quantity Per Serve - Total - NIP\",\"SortOrder\":243},{\"Id\":253,\"Name\":\"Fat Saturated Quantity Per 100g - Total - NIP\",\"Value\":\"<1g\",\"Description\":\"Fat Saturated Quantity Per 100g - Total - NIP\",\"SortOrder\":251},{\"Id\":258,\"Name\":\"Fat Saturated Quantity Per Serve - Total - NIP\",\"Value\":\"<1g\",\"Description\":\"Fat Saturated Quantity Per Serve - Total - NIP\",\"SortOrder\":255},{\"Id\":764,\"Name\":\"Fat Total Quantity Per 100g - Total - NIP\",\"Value\":\"<1g\",\"Description\":\"Fat Total Quantity Per 100g - Total - NIP\",\"SortOrder\":263},{\"Id\":166,\"Name\":\"Fat Total Quantity Per 100g - ValueWord - NIP\",\"Value\":\"1\",\"Description\":\"Fat Total Quantity Per 100g - ValueWord - NIP\",\"SortOrder\":264},{\"Id\":264,\"Name\":\"Fat Total Quantity Per Serve - Total - NIP\",\"Value\":\"<1g\",\"Description\":\"Fat Total Quantity Per Serve - Total - NIP\",\"SortOrder\":267},{\"Id\":878,\"Name\":\"Protein Quantity Per 100g - Total - NIP\",\"Value\":\"Approx.3g\",\"Description\":\"Protein Quantity Per 100g - Total - NIP\",\"SortOrder\":587},{\"Id\":882,\"Name\":\"Protein Quantity Per Serve - Total - NIP\",\"Value\":\"Approx.2.3g\",\"Description\":\"Protein Quantity Per Serve - Total - NIP\",\"SortOrder\":591},{\"Id\":477,\"Name\":\"Serving Size - Total - NIP\",\"Value\":\"75g\",\"Description\":\"Serving Size - Total - NIP\",\"SortOrder\":607},{\"Id\":544,\"Name\":\"Servings Per Pack - Total - NIP\",\"Value\":\"6\",\"Description\":\"Servings Per Pack - Total - NIP\",\"SortOrder\":611},{\"Id\":491,\"Name\":\"Sodium Quantity Per 100g - Total - NIP\",\"Value\":\"Approx.5mg\",\"Description\":\"Sodium Quantity Per 100g - Total - NIP\",\"SortOrder\":623},{\"Id\":495,\"Name\":\"Sodium Quantity Per Serve - Total - NIP\",\"Value\":\"<5mg\",\"Description\":\"Sodium Quantity Per Serve - Total - NIP\",\"SortOrder\":627},{\"Id\":907,\"Name\":\"Sugars Quantity Per 100g - Prefix - NIP\",\"Value\":\"Approx.\",\"Description\":\"Sugars Quantity Per 100g - Prefix - NIP\",\"SortOrder\":645},{\"Id\":908,\"Name\":\"Sugars Quantity Per 100g - SuffixUnits - NIP\",\"Value\":\"g\",\"Description\":\"Sugars Quantity Per 100g - SuffixUnits - NIP\",\"SortOrder\":646},{\"Id\":909,\"Name\":\"Sugars Quantity Per 100g - Total - NIP\",\"Value\":\"Approx.3g\",\"Description\":\"Sugars Quantity Per 100g - Total - NIP\",\"SortOrder\":647},{\"Id\":910,\"Name\":\"Sugars Quantity Per 100g - ValueWord - NIP\",\"Value\":\"3\",\"Description\":\"Sugars Quantity Per 100g - ValueWord - NIP\",\"SortOrder\":648},{\"Id\":504,\"Name\":\"Sugars Quantity Per Serve - Prefix - NIP\",\"Value\":\"Approx.\",\"Description\":\"Sugars Quantity Per Serve - Prefix - NIP\",\"SortOrder\":649},{\"Id\":911,\"Name\":\"Sugars Quantity Per Serve - SuffixUnits - NIP\",\"Value\":\"g\",\"Description\":\"Sugars Quantity Per Serve - SuffixUnits - NIP\",\"SortOrder\":650},{\"Id\":912,\"Name\":\"Sugars Quantity Per Serve - Total - NIP\",\"Value\":\"Approx.2.3g\",\"Description\":\"Sugars Quantity Per Serve - Total - NIP\",\"SortOrder\":651},{\"Id\":572,\"Name\":\"Sugars Quantity Per Serve - ValueWord - NIP\",\"Value\":\"2.3\",\"Description\":\"Sugars Quantity Per Serve - ValueWord - NIP\",\"SortOrder\":652}]}","ovencook":"False","vegetarian":"False","hypo-allergenic":null,"timer":null,"dermatologistrecommended":null,"sapdepartmentno":"5","allergencontains":null,"waterresistant":null,"friendlydisclaimer":null,"recyclableinformation":null,"usageinstructions":null,"freezable":"False"},"DetailsImagePaths":["https://cdn0.woolworths.media/content/wowproductimages/large/817502.jpg"],"Variety":null,"Rating":{"ReviewCount":551,"RatingCount":551,"RatingSum":2309,"OneStarCount":6,"TwoStarCount":18,"ThreeStarCount":81,"FourStarCount":206,"FiveStarCount":240,"Average":4.19056261343013,"OneStarPercentage":1.08892921960073,"TwoStarPercentage":3.26678765880218,"ThreeStarPercentage":14.7005444646098,"FourStarPercentage":37.3865698729583,"FiveStarPercentage":43.557168784029},"HasProductSubs":false,"IsSponsoredAd":false,"AdID":null,"AdIndex":null,"IsMarketProduct":false,"IsGiftable":false,"Vendor":null,"Untraceable":false,"ThirdPartyProductInfo":null,"MarketFeatures":null,"MarketSpecifications":null,"SupplyLimitSource":"StockQuantity","Tags":[{"Content":{"Type":"Label","Position":"Top","Attributes":{"Text":"Save $2.00","Promotion":"Special","BackgroundColor":"#fd0","BorderColor":"#fd0","TextColor":"#000"}},"TemplateId":null,"Metadata":null},{"Content":{"Type":"Roundel","Position":"Top","Attributes":{"ImagePath":"/content/promotiontags/roundel-special-200x200.png","FallbackText":"On Special"}},"TemplateId":null,"Metadata":null}],"IsPersonalisedByPurchaseHistory":false,"IsFromFacetedSearch":false,"NextAvailabilityDate":null,"NumberOfSubstitutes":0,"IsPrimaryVariant":false,"VariantGroupId":0,"HasVariants":false,"VariantTitle":null,"IsTobacco":false}],"Name":"Macro Organic Corn Kernels","DisplayName":"Macro Organic Corn Kernels 450g"},{"Products":[{"TileID":0,"Stockcode":768582,"Barcode":"9300633450441","GtinFormat":13,"CupPrice":6.2,"InstoreCupPrice":6.2,"CupMeasure":"1KG","CupString":"$6.20 / 1KG","InstoreCupString":"$6.20 / 1KG","HasCupPrice":true,"InstoreHasCupPrice":true,"Price":3.1,"InstorePrice":3.1,"Name":"Woolworths Baby Beans","DisplayName":"Woolworths Baby Beans 500g","UrlFriendlyName":"woolworths-baby-beans","Description":" Woolworths Baby Beans 500G","SmallImageFile":"https://cdn0.woolworths.media/content/wowproductimages/small/768582.jpg","MediumImageFile":"https://cdn0.woolworths.media/content/wowproductimages/medium/768582.jpg","LargeImageFile":"https://cdn0.woolworths.media/content/wowproductimages/large/768582.jpg","IsNew":false,"IsHalfPrice":false,"IsOnlineOnly":false,"IsOnSpecial":false,"InstoreIsOnSpecial":false,"IsEdrSpecial":false,"SavingsAmount":0.0,"InstoreSavingsAmount":0.0,"WasPrice":3.1,"InstoreWasPrice":3.1,"QuantityInTrolley":0,"Unit":"Each","MinimumQuantity":1,"HasBeenBoughtBefore":false,"IsInTrolley":false,"Source":"Aisle.Freezer","SupplyLimit":2,"ProductLimit":50,"MaxSupplyLimitMessage":"2 item(s) left","IsRanged":true,"IsInStock":true,"PackageSize":"500G","IsPmDelivery":true,"IsForCollection":true,"IsForDelivery":true,"IsForExpress":true,"ProductRestrictionMessage":null,"ProductWarningMessage":null,"CentreTag":{"TagContent":null,"TagLink":null,"FallbackText":null,"TagType":"None","MultibuyData":null,"TagContentText":null,"DualImageTagContent":null,"PromotionType":"NOT_SET","IsRegisteredRewardCardPromotion":false},"IsCentreTag":false,"ImageTag":{"TagContent":null,"TagLink":null,"FallbackText":"","TagType":"None","MultibuyData":null,"TagContentText":null,"DualImageTagContent":null,"PromotionType":"NOT_SET","IsRegisteredRewardCardPromotion":false},"HeaderTag":{"BackgroundColor":"#c20016","BorderColor":"#c20016","TextColor":"#fff","Content":"LOW PRICE","TagLink":null,"Promotion":"LowPrice"},"HasHeaderTag":true,"UnitWeightInGrams":0,"SupplyLimitMessage":"'Woolworths Baby Beans' has a supply limit of 2. The quantity in your cart has been reduced accordingly. To purchase a larger quantity, please contact us on 1800 000 610. Please note we do not supply trade orders.","SmallFormatDescription":"Woolworths Baby Beans","FullDescription":"Woolworths Baby Beans","IsAvailable":true,"InstoreIsAvailable":true,"IsPurchasable":true,"InstoreIsPurchasable":true,"AgeRestricted":false,"DisplayQuantity":1,"RichDescription":null,"HideWasSavedPrice":false,"SapCategories":null,"Brand":"Woolworths","IsRestrictedByDeliveryMethod":false,"FooterTag":{"TagContent":"Lower Price Always","TagLink":null,"FallbackText":null,"TagType":"Html","MultibuyData":null,"TagContentText":null,"DualImageTagContent":null,"PromotionType":"NOT_SET","IsRegisteredRewardCardPromotion":false},"IsFooterEnabled":true,"Diagnostics":"27","IsBundle":false,"IsInFamily":false,"ChildProducts":null,"UrlOverride":null,"AdditionalAttributes":{"boxedcontents":null,"addedvitaminsandminerals":"False","sapdepartmentname":"GROCERIES","spf":null,"haircolour":null,"lifestyleanddietarystatement":"Low Sugar","sapcategoryname":"FROZEN MEALS","skintype":null,"importantinformation":null,"allergystatement":"No Artificial Colours or Flavours","productdepthmm":null,"skincondition":null,"ophthalmologistapproved":null,"healthstarrating":"5","hairtype":null,"fragrance-free":null,"sapsegmentname":"BEANS BABY","suitablefor":null,"PiesProductDepartmentsjson":"[{\"Id\":\"1_ACA2FC2\",\"Description\":\"Freezer\"}]","piessubcategorynamesjson":"[\"Beans & Peas\",\"Gluten Free\",\"Vegan & Meat Free Meals\"]","sapsegmentno":"1","productwidthmm":null,"contains":null,"sapsubcategoryname":"FREEZER - VEGETABLES","dermatologisttested":null,"wool_productpackaging":null,"dermatologicallyapproved":null,"specialsgroupid":null,"productimages":"768582.jpg,768582_1.jpg","productheightmm":null,"r&r_hidereviews":null,"microwavesafe":"False","paba-free":null,"lifestyleclaim":null,"alcoholfree":null,"tgawarning":null,"activeconstituents":null,"microwaveable":"False","soap-free":null,"countryoforigin":null,"isexcludedfromsubstitution":"False","productimagecount":"2","r&r_loggedinreviews":null,"anti-dandruff":null,"servingsize-total-nip":null,"tgahealthwarninglink":null,"allergenmaybepresent":null,"PiesProductDepartmentNodeId":"1_ACA2FC2","parabenfree":"False","vendorarticleid":null,"containsgluten":"False","containsnuts":"False","ingredients":"Baby Beans","colour":null,"manufacturer":null,"sapcategoryno":"97","storageinstructions":"Keep frozen at or below -18°C. Once thawed do not refreeze.","tgawarnings":null,"piesdepartmentnamesjson":"[\"Freezer\"]","brand":"woolworths","oilfree":null,"fragrance":null,"antibacterial":"False","non-comedogenic":null,"antiseptic":"False","bpafree":"False","vendorcostprice":null,"description":"<p>The Woolworths Select range of frozen vegetables are snap frozen to lock in the freshness and flavour – a convenient and nutritious way to enjoy vegetables.</p>","sweatresistant":null,"sapsubcategoryno":"103","claims":null,"antioxidant":"False","phbalanced":null,"wool_dietaryclaim":null,"ophthalmologisttested":null,"sulfatefree":"False","servingsperpack-total-nip":null,"piescategorynamesjson":"[\"Frozen Vegetables\",\"Frozen Gluten Free\",\"Frozen Meals\"]","nutritionalinformation":"{\"Name\":\"Nutritional Information\",\"Attributes\":[{\"Id\":702,\"Name\":\"Calcium Quantity Per 100g - Total - NIP\",\"Value\":\"44mg\",\"Description\":\"Calcium Quantity Per 100g - Total - NIP\",\"SortOrder\":71},{\"Id\":47,\"Name\":\"Calcium Quantity Per Serve - Total - NIP\",\"Value\":\"44mg\",\"Description\":\"Calcium Quantity Per Serve - Total - NIP\",\"SortOrder\":75},{\"Id\":705,\"Name\":\"Carbohydrate Quantity Per 100g - Total - NIP\",\"Value\":\"2.2g\",\"Description\":\"Carbohydrate Quantity Per 100g - Total - NIP\",\"SortOrder\":83},{\"Id\":706,\"Name\":\"Carbohydrate Quantity Per Serve - Total - NIP\",\"Value\":\"2.2g\",\"Description\":\"Carbohydrate Quantity Per Serve - Total - NIP\",\"SortOrder\":87},{\"Id\":191,\"Name\":\"Dietary Fibre Quantity Per 100g - Total - NIP\",\"Value\":\"2.5g\",\"Description\":\"Dietary Fibre Quantity Per 100g - Total - NIP\",\"SortOrder\":175},{\"Id\":120,\"Name\":\"Dietary Fibre Quantity Per Serve - Total - NIP\",\"Value\":\"2.5g\",\"Description\":\"Dietary Fibre Quantity Per Serve - Total - NIP\",\"SortOrder\":179},{\"Id\":759,\"Name\":\"Energy kJ Quantity Per 100g - Total - NIP\",\"Value\":\"90kJ\",\"Description\":\"Energy kJ Quantity Per 100g - Total - NIP\",\"SortOrder\":239},{\"Id\":760,\"Name\":\"Energy kJ Quantity Per Serve - Total - NIP\",\"Value\":\"90kJ\",\"Description\":\"Energy kJ Quantity Per Serve - Total - NIP\",\"SortOrder\":243},{\"Id\":253,\"Name\":\"Fat Saturated Quantity Per 100g - Total - NIP\",\"Value\":\"<0.1g\",\"Description\":\"Fat Saturated Quantity Per 100g - Total - NIP\",\"SortOrder\":251},{\"Id\":258,\"Name\":\"Fat Saturated Quantity Per Serve - Total - NIP\",\"Value\":\"<0.1g\",\"Description\":\"Fat Saturated Quantity Per Serve - Total - NIP\",\"SortOrder\":255},{\"Id\":764,\"Name\":\"Fat Total Quantity Per 100g - Total - NIP\",\"Value\":\"0.2g\",\"Description\":\"Fat Total Quantity Per 100g - Total - NIP\",\"SortOrder\":263},{\"Id\":166,\"Name\":\"Fat Total Quantity Per 100g - ValueWord - NIP\",\"Value\":\"0.2\",\"Description\":\"Fat Total Quantity Per 100g - ValueWord - NIP\",\"SortOrder\":264},{\"Id\":264,\"Name\":\"Fat Total Quantity Per Serve - Total - NIP\",\"Value\":\"0.2g\",\"Description\":\"Fat Total Quantity Per Serve - Total - NIP\",\"SortOrder\":267},{\"Id\":443,\"Name\":\"Potassium Quantity Per 100g - Total - NIP\",\"Value\":\"198mg\",\"Description\":\"Potassium Quantity Per 100g - Total - NIP\",\"SortOrder\":575},{\"Id\":493,\"Name\":\"Potassium Quantity Per Serve - Total - NIP\",\"Value\":\"198mg\",\"Description\":\"Potassium Quantity Per Serve - Total - NIP\",\"SortOrder\":579},{\"Id\":878,\"Name\":\"Protein Quantity Per 100g - Total - NIP\",\"Value\":\"1.5g\",\"Description\":\"Protein Quantity Per 100g - Total - NIP\",\"SortOrder\":587},{\"Id\":882,\"Name\":\"Protein Quantity Per Serve - Total - NIP\",\"Value\":\"1.5g\",\"Description\":\"Protein Quantity Per Serve - Total - NIP\",\"SortOrder\":591},{\"Id\":477,\"Name\":\"Serving Size - Total - NIP\",\"Value\":\"100g\",\"Description\":\"Serving Size - Total - NIP\",\"SortOrder\":607},{\"Id\":544,\"Name\":\"Servings Per Pack - Total - NIP\",\"Value\":\"5\",\"Description\":\"Servings Per Pack - Total - NIP\",\"SortOrder\":611},{\"Id\":491,\"Name\":\"Sodium Quantity Per 100g - Total - NIP\",\"Value\":\"3mg\",\"Description\":\"Sodium Quantity Per 100g - Total - NIP\",\"SortOrder\":623},{\"Id\":495,\"Name\":\"Sodium Quantity Per Serve - Total - NIP\",\"Value\":\"3mg\",\"Description\":\"Sodium Quantity Per Serve - Total - NIP\",\"SortOrder\":627},{\"Id\":907,\"Name\":\"Sugars Quantity Per 100g - Prefix - NIP\",\"Value\":null,\"Description\":\"Sugars Quantity Per 100g - Prefix - NIP\",\"SortOrder\":645},{\"Id\":908,\"Name\":\"Sugars Quantity Per 100g - SuffixUnits - NIP\",\"Value\":\"g\",\"Description\":\"Sugars Quantity Per 100g - SuffixUnits - NIP\",\"SortOrder\":646},{\"Id\":909,\"Name\":\"Sugars Quantity Per 100g - Total - NIP\",\"Value\":\"1.7g\",\"Description\":\"Sugars Quantity Per 100g - Total - NIP\",\"SortOrder\":647},{\"Id\":910,\"Name\":\"Sugars Quantity Per 100g - ValueWord - NIP\",\"Value\":\"1.7\",\"Description\":\"Sugars Quantity Per 100g - ValueWord - NIP\",\"SortOrder\":648},{\"Id\":504,\"Name\":\"Sugars Quantity Per Serve - Prefix - NIP\",\"Value\":null,\"Description\":\"Sugars Quantity Per Serve - Prefix - NIP\",\"SortOrder\":649},{\"Id\":911,\"Name\":\"Sugars Quantity Per Serve - SuffixUnits - NIP\",\"Value\":\"g\",\"Description\":\"Sugars Quantity Per Serve - SuffixUnits - NIP\",\"SortOrder\":650},{\"Id\":912,\"Name\":\"Sugars Quantity Per Serve - Total - NIP\",\"Value\":\"1.7g\",\"Description\":\"Sugars Quantity Per Serve - Total - NIP\",\"SortOrder\":651},{\"Id\":572,\"Name\":\"Sugars Quantity Per Serve - ValueWord - NIP\",\"Value\":\"1.7\",\"Description\":\"Sugars Quantity Per Serve - ValueWord - NIP\",\"SortOrder\":652}]}","ovencook":"False","vegetarian":"False","hypo-allergenic":null,"timer":null,"dermatologistrecommended":null,"sapdepartmentno":"5","allergencontains":null,"waterresistant":null,"friendlydisclaimer":null,"recyclableinformation":null,"usageinstructions":null,"freezable":"False"},"DetailsImagePaths":["https://cdn0.woolworths.media/content/wowproductimages/large/768582.jpg"],"Variety":"Beans","Rating":{"ReviewCount":386,"RatingCount":386,"RatingSum":1761,"OneStarCount":3,"TwoStarCount":3,"ThreeStarCount":27,"FourStarCount":94,"FiveStarCount":259,"Average":4.56217616580311,"OneStarPercentage":0.77720207253886,"TwoStarPercentage":0.77720207253886,"ThreeStarPercentage":6.99481865284974,"FourStarPercentage":24.3523316062176,"FiveStarPercentage":67.0984455958549},"HasProductSubs":false,"IsSponsoredAd":false,"AdID":null,"AdIndex":null,"IsMarketProduct":false,"IsGiftable":false,"Vendor":null,"Untraceable":false,"ThirdPartyProductInfo":null,"MarketFeatures":null,"MarketSpecifications":null,"SupplyLimitSource":"StockQuantity","Tags":[{"Content":{"Type":"Label","Position":"Top","Attributes":{"Text":"LOW PRICE","Promotion":"LowPrice","BackgroundColor":"#c20016","BorderColor":"#c20016","TextColor":"#fff"}},"TemplateId":null,"Metadata":null}],"IsPersonalisedByPurchaseHistory":false,"IsFromFacetedSearch":false,"NextAvailabilityDate":null,"NumberOfSubstitutes":0,"IsPrimaryVariant":false,"VariantGroupId":0,"HasVariants":false,"VariantTitle":null,"IsTobacco":false}],"Name":"Woolworths Baby Beans","DisplayName":"Woolworths Baby Beans 500g"},{"Products":[{"TileID":0,"Stockcode":202926,"Barcode":"5052675001214","GtinFormat":13,"CupPrice":0.62,"InstoreCupPrice":1.24,"CupMeasure":"100G","CupString":"$0.62 / 100G","InstoreCupString":"$1.24 / 100G","HasCupPrice":true,"InstoreHasCupPrice":true,"Price":3.1,"InstorePrice":3.1,"Name":"The Spice Tailor Spicy Tarka Lentil Daal","DisplayName":"The Spice Tailor Spicy Tarka Lentil Daal 500g","UrlFriendlyName":"the-spice-tailor-spicy-tarka-lentil-daal","Description":" The Spice Tailor Spicy Tarka<br>Lentil Daal  500g","SmallImageFile":"https://cdn0.woolworths.media/content/wowproductimages/small/202926.jpg","MediumImageFile":"https://cdn0.woolworths.media/content/wowproductimages/medium/202926.jpg","LargeImageFile":"https://cdn0.woolworths.media/content/wowproductimages/large/202926.jpg","IsNew":false,"IsHalfPrice":true,"IsOnlineOnly":false,"IsOnSpecial":true,"InstoreIsOnSpecial":true,"IsEdrSpecial":false,"SavingsAmount":3.1,"InstoreSavingsAmount":3.1,"WasPrice":6.2,"InstoreWasPrice":6.2,"QuantityInTrolley":0,"Unit":"Each","MinimumQuantity":1,"HasBeenBoughtBefore":false,"IsInTrolley":false,"Source":"Aisle.Freezer","SupplyLimit":8,"ProductLimit":36,"MaxSupplyLimitMessage":"8 item(s) left","IsRanged":true,"IsInStock":true,"PackageSize":"500g","IsPmDelivery":false,"IsForCollection":true,"IsForDelivery":true,"IsForExpress":true,"ProductRestrictionMessage":null,"ProductWarningMessage":null,"CentreTag":{"TagContent":null,"TagLink":null,"FallbackText":null,"TagType":"None","MultibuyData":null,"TagContentText":null,"DualImageTagContent":null,"PromotionType":"NOT_SET","IsRegisteredRewardCardPromotion":false},"IsCentreTag":false,"ImageTag":{"TagContent":"/content/promotiontags/roundel-half-price-200x200.png","TagLink":"","FallbackText":"Half Price","TagType":"None","MultibuyData":null,"TagContentText":null,"DualImageTagContent":null,"PromotionType":"NOT_SET","IsRegisteredRewardCardPromotion":false},"HeaderTag":{"BackgroundColor":"#fd0","BorderColor":"#fd0","TextColor":"#000","Content":"Save $3.10","TagLink":null,"Promotion":"Special"},"HasHeaderTag":true,"UnitWeightInGrams":0,"SupplyLimitMessage":"'The Spice Tailor Spicy Tarka Lentil Daal' has a supply limit of 8. The quantity in your cart has been reduced accordingly. To purchase a larger quantity, please contact us on 1800 000 610. Please note we do not supply trade orders.","SmallFormatDescription":"The Spice Tailor Spicy Tarka Lentil Daal ","FullDescription":"The Spice Tailor Spicy Tarka Lentil Daal ","IsAvailable":true,"InstoreIsAvailable":true,"IsPurchasable":true,"InstoreIsPurchasable":true,"AgeRestricted":false,"DisplayQuantity":1,"RichDescription":null,"HideWasSavedPrice":false,"SapCategories":null,"Brand":"The Spice Tailor","IsRestrictedByDeliveryMethod":false,"FooterTag":{"TagContent":null,"TagLink":null,"FallbackText":null,"TagType":"None","MultibuyData":null,"TagContentText":null,"DualImageTagContent":null,"PromotionType":"NOT_SET","IsRegisteredRewardCardPromotion":false},"IsFooterEnabled":false,"Diagnostics":"28","IsBundle":false,"IsInFamily":false,"ChildProducts":null,"UrlOverride":null,"AdditionalAttributes":{"boxedcontents":null,"addedvitaminsandminerals":"False","sapdepartmentname":"GROCERIES","spf":null,"haircolour":null,"lifestyleanddietarystatement":"Source of Protein","sapcategoryname":"ETHNIC / GOURMET FOOD","skintype":null,"importantinformation":null,"allergystatement":"Fish Free","productdepthmm":null,"skincondition":null,"ophthalmologistapproved":null,"healthstarrating":null,"hairtype":null,"fragrance-free":null,"sapsegmentname":"MEAL KITS","suitablefor":"Vegetarian","PiesProductDepartmentsjson":"[{\"Id\":\"1_ACA2FC2\",\"Description\":\"Freezer\"},{\"Id\":\"1_39FD49C\",\"Description\":\"Pantry\"}]","piessubcategorynamesjson":"[\"Frozen Finger Food\",\"Indian\"]","sapsegmentno":"1","productwidthmm":null,"contains":null,"sapsubcategoryname":"INDIAN FOODS","dermatologisttested":null,"wool_productpackaging":null,"dermatologicallyapproved":null,"specialsgroupid":null,"productimages":"202926.jpg,202926_1.jpg,202926_2.jpg,202926_3.jpg,202926_4.jpg,202926_5.jpg,202926_6.jpg,202926_7.jpg","productheightmm":null,"r&r_hidereviews":null,"microwavesafe":"False","paba-free":null,"lifestyleclaim":"Vegetarian","alcoholfree":null,"tgawarning":null,"activeconstituents":null,"microwaveable":"False","soap-free":null,"countryoforigin":null,"isexcludedfromsubstitution":"False","productimagecount":"8","r&r_loggedinreviews":null,"anti-dandruff":null,"servingsize-total-nip":null,"tgahealthwarninglink":null,"allergenmaybepresent":"Gluten, Milk, Nuts, Peanuts, Sesame, Soy, Sulphites, Tree Nuts","PiesProductDepartmentNodeId":"1_ACA2FC2","parabenfree":"False","vendorarticleid":null,"containsgluten":"False","containsnuts":"False","ingredients":"Cooked Lentils 50% Water, Lentils (Pigeon Pea, Mung Lentil), Water, Onions, Sunflower oil, Tomato paste, Garlic, Ginger, Spices, Salt, Cumin, Green Chilli, MUSTARD Seeds, Turmeric.","colour":null,"manufacturer":null,"sapcategoryno":"79","storageinstructions":"Store in a cool, dry place. Once opened refrigerate and consume within 3 days.","tgawarnings":null,"piesdepartmentnamesjson":"[\"Freezer\",\"Pantry\"]","brand":"the spice tailor","oilfree":null,"fragrance":null,"antibacterial":"False","non-comedogenic":null,"antiseptic":"False","bpafree":"False","vendorcostprice":null,"description":"The Spice Tailor Spicy Tarka Lentil Daal is a mix of cooked lentils, medium spiced, tomatoes and garlic, in individual pouches. A delicious bowl of spicy lentil goodness. No other ingredients required!<br><br>Daal is a staple of all Indian homes. It's our soul food & superfood rolled into one - comforting but packed with nutrients. Our Spicy Tarka Lentil Daal, is spicy. packed full of flavour, and has a hint of smokiness which is probably why it is the Indians' favourite. <br><br>What's Inside: <br>- Whole spices. <br>- Spiced Tarka sauce.<br>- Cooked lentils.<br><br>- Serves 2-3.<br>- No nasties.<br>- Vegetarian.<br>- Medium spiced.<br>- Plant powered.<br>- Low in sugar.<br>- Source of protein.<br>- No artificial preservatives, colourings or flavourings.","sweatresistant":null,"sapsubcategoryno":"21","claims":null,"antioxidant":"False","phbalanced":null,"wool_dietaryclaim":null,"ophthalmologisttested":null,"sulfatefree":"False","servingsperpack-total-nip":null,"piescategorynamesjson":"[\"Frozen Party Food\",\"International Foods\"]","nutritionalinformation":"{\"Name\":\"Nutritional Information\",\"Attributes\":[{\"Id\":705,\"Name\":\"Carbohydrate Quantity Per 100g - Total - NIP\",\"Value\":\"40.80g\",\"Description\":\"Carbohydrate Quantity Per 100g - Total - NIP\",\"SortOrder\":83},{\"Id\":706,\"Name\":\"Carbohydrate Quantity Per Serve - Total - NIP\",\"Value\":\"102.00g\",\"Description\":\"Carbohydrate Quantity Per Serve - Total - NIP\",\"SortOrder\":87},{\"Id\":191,\"Name\":\"Dietary Fibre Quantity Per 100g - Total - NIP\",\"Value\":\"3.20g\",\"Description\":\"Dietary Fibre Quantity Per 100g - Total - NIP\",\"SortOrder\":175},{\"Id\":120,\"Name\":\"Dietary Fibre Quantity Per Serve - Total - NIP\",\"Value\":\"8.00g\",\"Description\":\"Dietary Fibre Quantity Per Serve - Total - NIP\",\"SortOrder\":179},{\"Id\":759,\"Name\":\"Energy kJ Quantity Per 100g - Total - NIP\",\"Value\":\"1620.00kJ\",\"Description\":\"Energy kJ Quantity Per 100g - Total - NIP\",\"SortOrder\":239},{\"Id\":760,\"Name\":\"Energy kJ Quantity Per Serve - Total - NIP\",\"Value\":\"4050.00kJ\",\"Description\":\"Energy kJ Quantity Per Serve - Total - NIP\",\"SortOrder\":243},{\"Id\":253,\"Name\":\"Fat Saturated Quantity Per 100g - Total - NIP\",\"Value\":\"2.00g\",\"Description\":\"Fat Saturated Quantity Per 100g - Total - NIP\",\"SortOrder\":251},{\"Id\":258,\"Name\":\"Fat Saturated Quantity Per Serve - Total - NIP\",\"Value\":\"5.00g\",\"Description\":\"Fat Saturated Quantity Per Serve - Total - NIP\",\"SortOrder\":255},{\"Id\":764,\"Name\":\"Fat Total Quantity Per 100g - Total - NIP\",\"Value\":\"16.20g\",\"Description\":\"Fat Total Quantity Per 100g - Total - NIP\",\"SortOrder\":263},{\"Id\":166,\"Name\":\"Fat Total Quantity Per 100g - ValueWord - NIP\",\"Value\":\"16.20\",\"Description\":\"Fat Total Quantity Per 100g - ValueWord - NIP\",\"SortOrder\":264},{\"Id\":264,\"Name\":\"Fat Total Quantity Per Serve - Total - NIP\",\"Value\":\"40.50g\",\"Description\":\"Fat Total Quantity Per Serve - Total - NIP\",\"SortOrder\":267},{\"Id\":878,\"Name\":\"Protein Quantity Per 100g - Total - NIP\",\"Value\":\"15.80g\",\"Description\":\"Protein Quantity Per 100g - Total - NIP\",\"SortOrder\":587},{\"Id\":882,\"Name\":\"Protein Quantity Per Serve - Total - NIP\",\"Value\":\"39.50g\",\"Description\":\"Protein Quantity Per Serve - Total - NIP\",\"SortOrder\":591},{\"Id\":477,\"Name\":\"Serving Size - Total - NIP\",\"Value\":\"250.00g\",\"Description\":\"Serving Size - Total - NIP\",\"SortOrder\":607},{\"Id\":544,\"Name\":\"Servings Per Pack - Total - NIP\",\"Value\":\"2.00\",\"Description\":\"Servings Per Pack - Total - NIP\",\"SortOrder\":611},{\"Id\":491,\"Name\":\"Sodium Quantity Per 100g - Total - NIP\",\"Value\":\"1380.00mg\",\"Description\":\"Sodium Quantity Per 100g - Total - NIP\",\"SortOrder\":623},{\"Id\":495,\"Name\":\"Sodium Quantity Per Serve - Total - NIP\",\"Value\":\"3450.00mg\",\"Description\":\"Sodium Quantity Per Serve - Total - NIP\",\"SortOrder\":627},{\"Id\":908,\"Name\":\"Sugars Quantity Per 100g - SuffixUnits - NIP\",\"Value\":\"g\",\"Description\":\"Sugars Quantity Per 100g - SuffixUnits - NIP\",\"SortOrder\":646},{\"Id\":909,\"Name\":\"Sugars Quantity Per 100g - Total - NIP\",\"Value\":\"8.00g\",\"Description\":\"Sugars Quantity Per 100g - Total - NIP\",\"SortOrder\":647},{\"Id\":910,\"Name\":\"Sugars Quantity Per 100g - ValueWord - NIP\",\"Value\":\"8.00\",\"Description\":\"Sugars Quantity Per 100g - ValueWord - NIP\",\"SortOrder\":648},{\"Id\":504,\"Name\":\"Sugars Quantity Per Serve - Prefix - NIP\",\"Value\":\"Per\",\"Description\":\"Sugars Quantity Per Serve - Prefix - NIP\",\"SortOrder\":649},{\"Id\":911,\"Name\":\"Sugars Quantity Per Serve - SuffixUnits - NIP\",\"Value\":\"g\",\"Description\":\"Sugars Quantity Per Serve - SuffixUnits - NIP\",\"SortOrder\":650},{\"Id\":912,\"Name\":\"Sugars Quantity Per Serve - Total - NIP\",\"Value\":\"20.00g\",\"Description\":\"Sugars Quantity Per Serve - Total - NIP\",\"SortOrder\":651},{\"Id\":572,\"Name\":\"Sugars Quantity Per Serve - ValueWord - NIP\",\"Value\":\"20.00\",\"Description\":\"Sugars Quantity Per Serve - ValueWord - NIP\",\"SortOrder\":652}]}","ovencook":"False","vegetarian":"False","hypo-allergenic":null,"timer":null,"dermatologistrecommended":null,"sapdepartmentno":"5","allergencontains":"Mustard, Cashew","waterresistant":null,"friendlydisclaimer":null,"recyclableinformation":null,"usageinstructions":null,"freezable":"False"},"DetailsImagePaths":["https://cdn0.woolworths.media/content/wowproductimages/large/202926.jpg"],"Variety":null,"Rating":{"ReviewCount":0,"RatingCount":0,"RatingSum":0,"OneStarCount":0,"TwoStarCount":0,"ThreeStarCount":0,"FourStarCount":0,"FiveStarCount":0,"Average":0,"OneStarPercentage":0,"TwoStarPercentage":0,"ThreeStarPercentage":0,"FourStarPercentage":0,"FiveStarPercentage":0},"HasProductSubs":false,"IsSponsoredAd":false,"AdID":null,"AdIndex":null,"IsMarketProduct":false,"IsGiftable":false,"Vendor":null,"Untraceable":false,"ThirdPartyProductInfo":null,"MarketFeatures":null,"MarketSpecifications":null,"SupplyLimitSource":"StockQuantity","Tags":[{"Content":{"Type":"Label","Position":"Top","Attributes":{"Text":"Save $3.10","Promotion":"Special","BackgroundColor":"#fd0","BorderColor":"#fd0","TextColor":"#000"}},"TemplateId":null,"Metadata":null},{"Content":{"Type":"Roundel","Position":"Top","Attributes":{"ImagePath":"/content/promotiontags/roundel-half-price-200x200.png","FallbackText":"Half Price"}},"TemplateId":null,"Metadata":null}],"IsPersonalisedByPurchaseHistory":false,"IsFromFacetedSearch":false,"NextAvailabilityDate":null,"NumberOfSubstitutes":0,"IsPrimaryVariant":false,"VariantGroupId":0,"HasVariants":false,"VariantTitle":null,"IsTobacco":false}],"Name":"The Spice Tailor Spicy Tarka Lentil Daal","DisplayName":"The Spice Tailor Spicy Tarka Lentil Daal 500g"},{"Products":[{"TileID":0,"Stockcode":202804,"Barcode":"5052675001023","GtinFormat":13,"CupPrice":null,"InstoreCupPrice":null,"CupMeasure":"100G","CupString":"","InstoreCupString":"","HasCupPrice":false,"InstoreHasCupPrice":false,"Price":null,"InstorePrice":null,"Name":"The Spice Tailor Malabar Biryani Kit","DisplayName":"The Spice Tailor Malabar Biryani Kit 360g","UrlFriendlyName":"the-spice-tailor-malabar-biryani-kit","Description":" The Spice Tailor Malabar<br>Biryani Kit  360g","SmallImageFile":"https://cdn0.woolworths.media/content/wowproductimages/small/202804.jpg","MediumImageFile":"https://cdn0.woolworths.media/content/wowproductimages/medium/202804.jpg","LargeImageFile":"https://cdn0.woolworths.media/content/wowproductimages/large/202804.jpg","IsNew":false,"IsHalfPrice":false,"IsOnlineOnly":false,"IsOnSpecial":false,"InstoreIsOnSpecial":false,"IsEdrSpecial":false,"SavingsAmount":null,"InstoreSavingsAmount":null,"WasPrice":6.2,"InstoreWasPrice":6.2,"QuantityInTrolley":0,"Unit":"Each","MinimumQuantity":1,"HasBeenBoughtBefore":false,"IsInTrolley":false,"Source":"Aisle.Freezer","SupplyLimit":36,"ProductLimit":36,"MaxSupplyLimitMessage":"36 item limit","IsRanged":true,"IsInStock":false,"PackageSize":"360g","IsPmDelivery":false,"IsForCollection":true,"IsForDelivery":true,"IsForExpress":true,"ProductRestrictionMessage":null,"ProductWarningMessage":null,"CentreTag":{"TagContent":null,"TagLink":null,"FallbackText":null,"TagType":"None","MultibuyData":null,"TagContentText":null,"DualImageTagContent":null,"PromotionType":"NOT_SET","IsRegisteredRewardCardPromotion":false},"IsCentreTag":false,"ImageTag":{"TagContent":null,"TagLink":null,"FallbackText":null,"TagType":"None","MultibuyData":null,"TagContentText":null,"DualImageTagContent":null,"PromotionType":"NOT_SET","IsRegisteredRewardCardPromotion":false},"HeaderTag":null,"HasHeaderTag":false,"UnitWeightInGrams":0,"SupplyLimitMessage":"'The Spice Tailor Malabar Biryani Kit' has a supply limit of 36. The quantity in your cart has been reduced accordingly. To purchase a larger quantity, please contact us on 1800 000 610. Please note we do not supply trade orders.","SmallFormatDescription":"The Spice Tailor Malabar Biryani Kit ","FullDescription":"The Spice Tailor Malabar Biryani Kit ","IsAvailable":false,"InstoreIsAvailable":false,"IsPurchasable":false,"InstoreIsPurchasable":false,"AgeRestricted":false,"DisplayQuantity":1,"RichDescription":null,"HideWasSavedPrice":true,"SapCategories":null,"Brand":"The Spice Tailor","IsRestrictedByDeliveryMethod":false,"FooterTag":{"TagContent":null,"TagLink":null,"FallbackText":null,"TagType":"None","MultibuyData":null,"TagContentText":null,"DualImageTagContent":null,"PromotionType":"NOT_SET","IsRegisteredRewardCardPromotion":false},"IsFooterEnabled":false,"Diagnostics":"29","IsBundle":false,"IsInFamily":false,"ChildProducts":null,"UrlOverride":null,"AdditionalAttributes":{"boxedcontents":null,"addedvitaminsandminerals":"False","sapdepartmentname":"GROCERIES","spf":null,"haircolour":null,"lifestyleanddietarystatement":"Source of Protein","sapcategoryname":"ETHNIC / GOURMET FOOD","skintype":null,"importantinformation":null,"allergystatement":"No Artificial Preservatives","productdepthmm":null,"skincondition":null,"ophthalmologistapproved":null,"healthstarrating":null,"hairtype":null,"fragrance-free":null,"sapsegmentname":"MEAL KITS","suitablefor":"Vegetarian","PiesProductDepartmentsjson":"[{\"Id\":\"1_ACA2FC2\",\"Description\":\"Freezer\"},{\"Id\":\"1_39FD49C\",\"Description\":\"Pantry\"}]","piessubcategorynamesjson":"[\"Frozen Finger Food\",\"Indian\"]","sapsegmentno":"1","productwidthmm":null,"contains":null,"sapsubcategoryname":"INDIAN FOODS","dermatologisttested":null,"wool_productpackaging":null,"dermatologicallyapproved":null,"specialsgroupid":null,"productimages":"202804.jpg,202804_1.jpg,202804_2.jpg,202804_6.jpg,202804_7.jpg,202804_8.jpg","productheightmm":null,"r&r_hidereviews":null,"microwavesafe":"False","paba-free":null,"lifestyleclaim":"Vegetarian","alcoholfree":null,"tgawarning":null,"activeconstituents":null,"microwaveable":"False","soap-free":null,"countryoforigin":null,"isexcludedfromsubstitution":"False","productimagecount":"6","r&r_loggedinreviews":null,"anti-dandruff":null,"servingsize-total-nip":null,"tgahealthwarninglink":null,"allergenmaybepresent":"Gluten, Mustard, Nuts, Peanuts, Sesame, Soy, Sulphites, Tree Nuts","PiesProductDepartmentNodeId":"1_ACA2FC2","parabenfree":"False","vendorarticleid":null,"containsgluten":"False","containsnuts":"False","ingredients":"Cooked Rice (67%) (Water, Rice), Water, Sunflower Oil, Tomato Paste, Coconut Milk Powder, Spices (2%), Salt, Dehydrated Onion, Ginger, Poppy Seeds (1%), Garlic, Chilli, MILK Powder.","colour":null,"manufacturer":null,"sapcategoryno":"79","storageinstructions":"Store in a cool, dry place. Once opened refrigerate and consume within 3 days.","tgawarnings":null,"piesdepartmentnamesjson":"[\"Freezer\",\"Pantry\"]","brand":"the spice tailor","oilfree":null,"fragrance":null,"antibacterial":"False","non-comedogenic":null,"antiseptic":"False","bpafree":"False","vendorcostprice":null,"description":"The Spice Tailor Malabar Biryani is an aromatic tomato and coconut-based biryani layered with fluffy Basmati rice. perfect for those who love coastal flavours.<br><br>Biryani is an Indian favourite with foreign beginnings. its origins are with the Mughals of Central Asia, where it was originally a meat and rice dish. But once they brought it to India, it gained in complexity with the use of spices and different regional influences as it travelled through the sub-continent. Our biryanis reflect these historical heritages in their many layers of flavours. <br><br>Our Malabar biryani is a wonderful balance of the spicing from this region, interwoven with rich tomatoes and balanced with a touch of creamy nuttiness from white poppy seeds and coconut. It is redolent with coastal flavours. <br><br>- Rich and aromatic. <br>- Serves 2. <br>- No nasties. <br>- Vegetarian. <br>- Mild.<br>- No artificial preservatives, colourings or flavourings.","sweatresistant":null,"sapsubcategoryno":"21","claims":null,"antioxidant":"False","phbalanced":null,"wool_dietaryclaim":null,"ophthalmologisttested":null,"sulfatefree":"False","servingsperpack-total-nip":null,"piescategorynamesjson":"[\"Frozen Party Food\",\"International Foods\"]","nutritionalinformation":"{\"Name\":\"Nutritional Information\",\"Attributes\":[{\"Id\":705,\"Name\":\"Carbohydrate Quantity Per 100g - Total - NIP\",\"Value\":\"39.80g\",\"Description\":\"Carbohydrate Quantity Per 100g - Total - NIP\",\"SortOrder\":83},{\"Id\":706,\"Name\":\"Carbohydrate Quantity Per Serve - Total - NIP\",\"Value\":\"71.60g\",\"Description\":\"Carbohydrate Quantity Per Serve - Total - NIP\",\"SortOrder\":87},{\"Id\":759,\"Name\":\"Energy kJ Quantity Per 100g - Total - NIP\",\"Value\":\"999.00kJ\",\"Description\":\"Energy kJ Quantity Per 100g - Total - NIP\",\"SortOrder\":239},{\"Id\":760,\"Name\":\"Energy kJ Quantity Per Serve - Total - NIP\",\"Value\":\"1800.00kJ\",\"Description\":\"Energy kJ Quantity Per Serve - Total - NIP\",\"SortOrder\":243},{\"Id\":253,\"Name\":\"Fat Saturated Quantity Per 100g - Total - NIP\",\"Value\":\"1.30g\",\"Description\":\"Fat Saturated Quantity Per 100g - Total - NIP\",\"SortOrder\":251},{\"Id\":258,\"Name\":\"Fat Saturated Quantity Per Serve - Total - NIP\",\"Value\":\"2.30g\",\"Description\":\"Fat Saturated Quantity Per Serve - Total - NIP\",\"SortOrder\":255},{\"Id\":764,\"Name\":\"Fat Total Quantity Per 100g - Total - NIP\",\"Value\":\"5.90g\",\"Description\":\"Fat Total Quantity Per 100g - Total - NIP\",\"SortOrder\":263},{\"Id\":166,\"Name\":\"Fat Total Quantity Per 100g - ValueWord - NIP\",\"Value\":\"5.90\",\"Description\":\"Fat Total Quantity Per 100g - ValueWord - NIP\",\"SortOrder\":264},{\"Id\":264,\"Name\":\"Fat Total Quantity Per Serve - Total - NIP\",\"Value\":\"10.60g\",\"Description\":\"Fat Total Quantity Per Serve - Total - NIP\",\"SortOrder\":267},{\"Id\":878,\"Name\":\"Protein Quantity Per 100g - Total - NIP\",\"Value\":\"4.90g\",\"Description\":\"Protein Quantity Per 100g - Total - NIP\",\"SortOrder\":587},{\"Id\":882,\"Name\":\"Protein Quantity Per Serve - Total - NIP\",\"Value\":\"8.80g\",\"Description\":\"Protein Quantity Per Serve - Total - NIP\",\"SortOrder\":591},{\"Id\":477,\"Name\":\"Serving Size - Total - NIP\",\"Value\":\"180.00g\",\"Description\":\"Serving Size - Total - NIP\",\"SortOrder\":607},{\"Id\":544,\"Name\":\"Servings Per Pack - Total - NIP\",\"Value\":\"2.00\",\"Description\":\"Servings Per Pack - Total - NIP\",\"SortOrder\":611},{\"Id\":491,\"Name\":\"Sodium Quantity Per 100g - Total - NIP\",\"Value\":\"266.00mg\",\"Description\":\"Sodium Quantity Per 100g - Total - NIP\",\"SortOrder\":623},{\"Id\":495,\"Name\":\"Sodium Quantity Per Serve - Total - NIP\",\"Value\":\"479.00mg\",\"Description\":\"Sodium Quantity Per Serve - Total - NIP\",\"SortOrder\":627},{\"Id\":908,\"Name\":\"Sugars Quantity Per 100g - SuffixUnits - NIP\",\"Value\":\"g\",\"Description\":\"Sugars Quantity Per 100g - SuffixUnits - NIP\",\"SortOrder\":646},{\"Id\":909,\"Name\":\"Sugars Quantity Per 100g - Total - NIP\",\"Value\":\"1.30g\",\"Description\":\"Sugars Quantity Per 100g - Total - NIP\",\"SortOrder\":647},{\"Id\":910,\"Name\":\"Sugars Quantity Per 100g - ValueWord - NIP\",\"Value\":\"1.30\",\"Description\":\"Sugars Quantity Per 100g - ValueWord - NIP\",\"SortOrder\":648},{\"Id\":911,\"Name\":\"Sugars Quantity Per Serve - SuffixUnits - NIP\",\"Value\":\"g\",\"Description\":\"Sugars Quantity Per Serve - SuffixUnits - NIP\",\"SortOrder\":650},{\"Id\":912,\"Name\":\"Sugars Quantity Per Serve - Total - NIP\",\"Value\":\"2.30g\",\"Description\":\"Sugars Quantity Per Serve - Total - NIP\",\"SortOrder\":651},{\"Id\":572,\"Name\":\"Sugars Quantity Per Serve - ValueWord - NIP\",\"Value\":\"2.30\",\"Description\":\"Sugars Quantity Per Serve - ValueWord - NIP\",\"SortOrder\":652}]}","ovencook":"False","vegetarian":"False","hypo-allergenic":null,"timer":null,"dermatologistrecommended":null,"sapdepartmentno":"5","allergencontains":"Milk","waterresistant":null,"friendlydisclaimer":null,"recyclableinformation":null,"usageinstructions":null,"freezable":"False"},"DetailsImagePaths":["https://cdn0.woolworths.media/content/wowproductimages/large/202804.jpg"],"Variety":null,"Rating":{"ReviewCount":0,"RatingCount":0,"RatingSum":0,"OneStarCount":0,"TwoStarCount":0,"ThreeStarCount":0,"FourStarCount":0,"FiveStarCount":0,"Average":0,"OneStarPercentage":0,"TwoStarPercentage":0,"ThreeStarPercentage":0,"FourStarPercentage":0,"FiveStarPercentage":0},"HasProductSubs":false,"IsSponsoredAd":false,"AdID":null,"AdIndex":null,"IsMarketProduct":false,"IsGiftable":false,"Vendor":null,"Untraceable":false,"ThirdPartyProductInfo":null,"MarketFeatures":null,"MarketSpecifications":null,"SupplyLimitSource":"ProductLimit","Tags":null,"IsPersonalisedByPurchaseHistory":false,"IsFromFacetedSearch":false,"NextAvailabilityDate":null,"NumberOfSubstitutes":0,"IsPrimaryVariant":false,"VariantGroupId":0,"HasVariants":false,"VariantTitle":null,"IsTobacco":false}],"Name":"The Spice Tailor Malabar Biryani Kit","DisplayName":"The Spice Tailor Malabar Biryani Kit 360g"},{"Products":[{"TileID":0,"Stockcode":830212,"Barcode":"9300633744199","GtinFormat":13,"CupPrice":0.73,"InstoreCupPrice":0.73,"CupMeasure":"100ML","CupString":"$0.73 / 100ML","InstoreCupString":"$0.73 / 100ML","HasCupPrice":true,"InstoreHasCupPrice":true,"Price":3.2,"InstorePrice":3.2,"Name":"Woolworths Cookies & Cream Ice Cream Sandwich","DisplayName":"Woolworths Cookies & Cream Ice Cream Sandwich 4 Pack","UrlFriendlyName":"woolworths-cookies-cream-ice-cream-sandwich","Description":" Woolworths Cookies & Cream<br>Ice Cream... 4 Pack","SmallImageFile":"https://cdn0.woolworths.media/content/wowproductimages/small/830212.jpg","MediumImageFile":"https://cdn0.woolworths.media/content/wowproductimages/medium/830212.jpg","LargeImageFile":"https://cdn0.woolworths.media/content/wowproductimages/large/830212.jpg","IsNew":false,"IsHalfPrice":false,"IsOnlineOnly":false,"IsOnSpecial":false,"InstoreIsOnSpecial":false,"IsEdrSpecial":false,"SavingsAmount":0.0,"InstoreSavingsAmount":0.0,"WasPrice":3.2,"InstoreWasPrice":3.2,"QuantityInTrolley":0,"Unit":"Each","MinimumQuantity":1,"HasBeenBoughtBefore":false,"IsInTrolley":false,"Source":"Aisle.Freezer","SupplyLimit":11,"ProductLimit":50,"MaxSupplyLimitMessage":"11 item(s) left","IsRanged":true,"IsInStock":true,"PackageSize":"4 Pack","IsPmDelivery":true,"IsForCollection":true,"IsForDelivery":true,"IsForExpress":true,"ProductRestrictionMessage":null,"ProductWarningMessage":null,"CentreTag":{"TagContent":null,"TagLink":null,"FallbackText":null,"TagType":"None","MultibuyData":null,"TagContentText":null,"DualImageTagContent":null,"PromotionType":"NOT_SET","IsRegisteredRewardCardPromotion":false},"IsCentreTag":false,"ImageTag":{"TagContent":null,"TagLink":null,"FallbackText":"","TagType":"None","MultibuyData":null,"TagContentText":null,"DualImageTagContent":null,"PromotionType":"NOT_SET","IsRegisteredRewardCardPromotion":false},"HeaderTag":{"BackgroundColor":"#c20016","BorderColor":"#c20016","TextColor":"#fff","Content":"LOW PRICE","TagLink":null,"Promotion":"LowPrice"},"HasHeaderTag":true,"UnitWeightInGrams":0,"SupplyLimitMessage":"'Woolworths Cookies & Cream Ice Cream Sandwich' has a supply limit of 11. The quantity in your cart has been reduced accordingly. To purchase a larger quantity, please contact us on 1800 000 610. Please note we do not supply trade orders.","SmallFormatDescription":"Woolworths Cookies & Cream Ice Cream Sandwich","FullDescription":"Woolworths Cookies & Cream Ice Cream Sandwich","IsAvailable":true,"InstoreIsAvailable":true,"IsPurchasable":true,"InstoreIsPurchasable":true,"AgeRestricted":false,"DisplayQuantity":1,"RichDescription":null,"HideWasSavedPrice":false,"SapCategories":null,"Brand":"Woolworths","IsRestrictedByDeliveryMethod":false,"FooterTag":{"TagContent":"Lower Price Always","TagLink":null,"FallbackText":null,"TagType":"Html","MultibuyData":null,"TagContentText":null,"DualImageTagContent":null,"PromotionType":"NOT_SET","IsRegisteredRewardCardPromotion":false},"IsFooterEnabled":true,"Diagnostics":"30","IsBundle":false,"IsInFamily":false,"ChildProducts":null,"UrlOverride":null,"AdditionalAttributes":{"boxedcontents":null,"addedvitaminsandminerals":"False","sapdepartmentname":"GROCERIES","spf":null,"haircolour":null,"lifestyleanddietarystatement":null,"sapcategoryname":"ICE CREAM","skintype":null,"importantinformation":null,"allergystatement":"Fish Free","productdepthmm":null,"skincondition":null,"ophthalmologistapproved":null,"healthstarrating":"2","hairtype":null,"fragrance-free":null,"sapsegmentname":"SNACKING","suitablefor":null,"PiesProductDepartmentsjson":"[{\"Id\":\"1_ACA2FC2\",\"Description\":\"Freezer\"}]","piessubcategorynamesjson":"[\"Ice Cream Sticks & Cones\"]","sapsegmentno":"7","productwidthmm":null,"contains":null,"sapsubcategoryname":"FREEZER - ICE CREAM MULTIPACKS","dermatologisttested":null,"wool_productpackaging":null,"dermatologicallyapproved":null,"specialsgroupid":null,"productimages":"830212.jpg,830212_1.jpg,830212_3.jpg,830212_4.jpg,830212_5.jpg,830212_6.jpg","productheightmm":null,"r&r_hidereviews":null,"microwavesafe":"False","paba-free":null,"lifestyleclaim":null,"alcoholfree":null,"tgawarning":null,"activeconstituents":null,"microwaveable":"False","soap-free":null,"countryoforigin":null,"isexcludedfromsubstitution":"False","productimagecount":"6","r&r_loggedinreviews":null,"anti-dandruff":null,"servingsize-total-nip":null,"tgahealthwarninglink":null,"allergenmaybepresent":"Peanuts, Tree Nuts","PiesProductDepartmentNodeId":"1_ACA2FC2","parabenfree":"False","vendorarticleid":null,"containsgluten":"False","containsnuts":"False","ingredients":"Ice Cream (62%) (Water, Cream (25%), Liquid Sugar (Sugar, Water), Milk Solids, Glucose Syrup (Maize), Thickeners (412, 410, 407, 401), Vegetable Emulsifier (471), Natural Flavour), Choc Biscuit (32%) (Wheat Flour, Sugar, Natural Colour (Caramel I), Palm Oil, Cocoa Solids, Rice Syrup, Raising Agent (Sodium Carbonates), Salt, Vegetable Emulsifier (Soy Lecithin)), Choc Cookie Pieces (5%) (Wheat Flour, Sugar, Palm Oil, Cocoa Powder, Maize Starch, Milk Solids, Cocoa Mass, Natural Flavour, Raising Agent (Sodium Carbonates), Salt, Vegetable Emulsifier (Soy Lecithin)), Ice Cream portion contains minimum 10% Milk Fat","colour":null,"manufacturer":null,"sapcategoryno":"94","storageinstructions":"Keep Frozen","tgawarnings":null,"piesdepartmentnamesjson":"[\"Freezer\"]","brand":"woolworths","oilfree":null,"fragrance":null,"antibacterial":"False","non-comedogenic":null,"antiseptic":"False","bpafree":"False","vendorcostprice":null,"description":null,"sweatresistant":null,"sapsubcategoryno":"104","claims":null,"antioxidant":"False","phbalanced":null,"wool_dietaryclaim":"Free From Artificial Colour\rFree From Artificial Flavour","ophthalmologisttested":null,"sulfatefree":"False","servingsperpack-total-nip":null,"piescategorynamesjson":"[\"Ice Cream\"]","nutritionalinformation":"{\"Name\":\"Nutritional Information\",\"Attributes\":[{\"Id\":702,\"Name\":\"Calcium Quantity Per 100g - Total - NIP\",\"Value\":\"76mg\",\"Description\":\"Calcium Quantity Per 100g - Total - NIP\",\"SortOrder\":71},{\"Id\":47,\"Name\":\"Calcium Quantity Per Serve - Total - NIP\",\"Value\":\"48.64mg\",\"Description\":\"Calcium Quantity Per Serve - Total - NIP\",\"SortOrder\":75},{\"Id\":705,\"Name\":\"Carbohydrate Quantity Per 100g - Total - NIP\",\"Value\":\"Approx.41.3g\",\"Description\":\"Carbohydrate Quantity Per 100g - Total - NIP\",\"SortOrder\":83},{\"Id\":706,\"Name\":\"Carbohydrate Quantity Per Serve - Total - NIP\",\"Value\":\"Approx.26.4g\",\"Description\":\"Carbohydrate Quantity Per Serve - Total - NIP\",\"SortOrder\":87},{\"Id\":714,\"Name\":\"Cholesterol Quantity Per 100g - Total - NIP\",\"Value\":\"25mg\",\"Description\":\"Cholesterol Quantity Per 100g - Total - NIP\",\"SortOrder\":111},{\"Id\":125,\"Name\":\"Cholesterol Quantity Per Serve - Total - NIP\",\"Value\":\"16mg\",\"Description\":\"Cholesterol Quantity Per Serve - Total - NIP\",\"SortOrder\":115},{\"Id\":191,\"Name\":\"Dietary Fibre Quantity Per 100g - Total - NIP\",\"Value\":\"Approx.1g\",\"Description\":\"Dietary Fibre Quantity Per 100g - Total - NIP\",\"SortOrder\":175},{\"Id\":120,\"Name\":\"Dietary Fibre Quantity Per Serve - Total - NIP\",\"Value\":\"<1g\",\"Description\":\"Dietary Fibre Quantity Per Serve - Total - NIP\",\"SortOrder\":179},{\"Id\":759,\"Name\":\"Energy kJ Quantity Per 100g - Total - NIP\",\"Value\":\"Approx.1120kJ\",\"Description\":\"Energy kJ Quantity Per 100g - Total - NIP\",\"SortOrder\":239},{\"Id\":760,\"Name\":\"Energy kJ Quantity Per Serve - Total - NIP\",\"Value\":\"Approx.719kJ\",\"Description\":\"Energy kJ Quantity Per Serve - Total - NIP\",\"SortOrder\":243},{\"Id\":253,\"Name\":\"Fat Saturated Quantity Per 100g - Total - NIP\",\"Value\":\"Approx.5.9g\",\"Description\":\"Fat Saturated Quantity Per 100g - Total - NIP\",\"SortOrder\":251},{\"Id\":258,\"Name\":\"Fat Saturated Quantity Per Serve - Total - NIP\",\"Value\":\"Approx.3.8g\",\"Description\":\"Fat Saturated Quantity Per Serve - Total - NIP\",\"SortOrder\":255},{\"Id\":764,\"Name\":\"Fat Total Quantity Per 100g - Total - NIP\",\"Value\":\"Approx.9.3g\",\"Description\":\"Fat Total Quantity Per 100g - Total - NIP\",\"SortOrder\":263},{\"Id\":166,\"Name\":\"Fat Total Quantity Per 100g - ValueWord - NIP\",\"Value\":\"9.3\",\"Description\":\"Fat Total Quantity Per 100g - ValueWord - NIP\",\"SortOrder\":264},{\"Id\":264,\"Name\":\"Fat Total Quantity Per Serve - Total - NIP\",\"Value\":\"Approx.6g\",\"Description\":\"Fat Total Quantity Per Serve - Total - NIP\",\"SortOrder\":267},{\"Id\":402,\"Name\":\"Monounsaturated Quantity Per 100g - Total - NIP\",\"Value\":\"3.44g\",\"Description\":\"Monounsaturated Quantity Per 100g - Total - NIP\",\"SortOrder\":479},{\"Id\":834,\"Name\":\"Monounsaturated Quantity Per Serve - Total - NIP\",\"Value\":\"2.2g\",\"Description\":\"Monounsaturated Quantity Per Serve - Total - NIP\",\"SortOrder\":483},{\"Id\":434,\"Name\":\"Polyunsaturated Quantity Per 100g - Total - NIP\",\"Value\":\"0.49g\",\"Description\":\"Polyunsaturated Quantity Per 100g - Total - NIP\",\"SortOrder\":563},{\"Id\":435,\"Name\":\"Polyunsaturated Quantity Per Serve - Total - NIP\",\"Value\":\"0.31g\",\"Description\":\"Polyunsaturated Quantity Per Serve - Total - NIP\",\"SortOrder\":567},{\"Id\":443,\"Name\":\"Potassium Quantity Per 100g - Total - NIP\",\"Value\":\"214mg\",\"Description\":\"Potassium Quantity Per 100g - Total - NIP\",\"SortOrder\":575},{\"Id\":493,\"Name\":\"Potassium Quantity Per Serve - Total - NIP\",\"Value\":\"136.96mg\",\"Description\":\"Potassium Quantity Per Serve - Total - NIP\",\"SortOrder\":579},{\"Id\":878,\"Name\":\"Protein Quantity Per 100g - Total - NIP\",\"Value\":\"Approx.4.1g\",\"Description\":\"Protein Quantity Per 100g - Total - NIP\",\"SortOrder\":587},{\"Id\":882,\"Name\":\"Protein Quantity Per Serve - Total - NIP\",\"Value\":\"Approx.2.6g\",\"Description\":\"Protein Quantity Per Serve - Total - NIP\",\"SortOrder\":591},{\"Id\":477,\"Name\":\"Serving Size - Total - NIP\",\"Value\":\"64g\",\"Description\":\"Serving Size - Total - NIP\",\"SortOrder\":607},{\"Id\":544,\"Name\":\"Servings Per Pack - Total - NIP\",\"Value\":\"4\",\"Description\":\"Servings Per Pack - Total - NIP\",\"SortOrder\":611},{\"Id\":491,\"Name\":\"Sodium Quantity Per 100g - Total - NIP\",\"Value\":\"Approx.281mg\",\"Description\":\"Sodium Quantity Per 100g - Total - NIP\",\"SortOrder\":623},{\"Id\":495,\"Name\":\"Sodium Quantity Per Serve - Total - NIP\",\"Value\":\"Approx.180mg\",\"Description\":\"Sodium Quantity Per Serve - Total - NIP\",\"SortOrder\":627},{\"Id\":907,\"Name\":\"Sugars Quantity Per 100g - Prefix - NIP\",\"Value\":\"Approx.\",\"Description\":\"Sugars Quantity Per 100g - Prefix - NIP\",\"SortOrder\":645},{\"Id\":908,\"Name\":\"Sugars Quantity Per 100g - SuffixUnits - NIP\",\"Value\":\"g\",\"Description\":\"Sugars Quantity Per 100g - SuffixUnits - NIP\",\"SortOrder\":646},{\"Id\":909,\"Name\":\"Sugars Quantity Per 100g - Total - NIP\",\"Value\":\"Approx.23.4g\",\"Description\":\"Sugars Quantity Per 100g - Total - NIP\",\"SortOrder\":647},{\"Id\":910,\"Name\":\"Sugars Quantity Per 100g - ValueWord - NIP\",\"Value\":\"23.4\",\"Description\":\"Sugars Quantity Per 100g - ValueWord - NIP\",\"SortOrder\":648},{\"Id\":504,\"Name\":\"Sugars Quantity Per Serve - Prefix - NIP\",\"Value\":\"Approx.\",\"Description\":\"Sugars Quantity Per Serve - Prefix - NIP\",\"SortOrder\":649},{\"Id\":911,\"Name\":\"Sugars Quantity Per Serve - SuffixUnits - NIP\",\"Value\":\"g\",\"Description\":\"Sugars Quantity Per Serve - SuffixUnits - NIP\",\"SortOrder\":650},{\"Id\":912,\"Name\":\"Sugars Quantity Per Serve - Total - NIP\",\"Value\":\"Approx.15g\",\"Description\":\"Sugars Quantity Per Serve - Total - NIP\",\"SortOrder\":651},{\"Id\":572,\"Name\":\"Sugars Quantity Per Serve - ValueWord - NIP\",\"Value\":\"15\",\"Description\":\"Sugars Quantity Per Serve - ValueWord - NIP\",\"SortOrder\":652},{\"Id\":593,\"Name\":\"Trans Quantity Per 100g - Total - NIP\",\"Value\":\"<1g\",\"Description\":\"Trans Quantity Per 100g - Total - NIP\",\"SortOrder\":667},{\"Id\":510,\"Name\":\"Trans Quantity Per Serve - Total - NIP\",\"Value\":\"<1g\",\"Description\":\"Trans Quantity Per Serve - Total - NIP\",\"SortOrder\":671}]}","ovencook":"False","vegetarian":"False","hypo-allergenic":null,"timer":null,"dermatologistrecommended":null,"sapdepartmentno":"5","allergencontains":"Soy, Milk, Gluten","waterresistant":null,"friendlydisclaimer":null,"recyclableinformation":null,"usageinstructions":null,"freezable":"False"},"DetailsImagePaths":["https://cdn0.woolworths.media/content/wowproductimages/large/830212.jpg"],"Variety":"Ice Cream Sandwich","Rating":{"ReviewCount":1901,"RatingCount":1901,"RatingSum":8153,"OneStarCount":12,"TwoStarCount":41,"ThreeStarCount":210,"FourStarCount":761,"FiveStarCount":877,"Average":4.28879537085744,"OneStarPercentage":0.631246712256707,"TwoStarPercentage":2.15675960021042,"ThreeStarPercentage":11.0468174644924,"FourStarPercentage":40.0315623356128,"FiveStarPercentage":46.1336138874277},"HasProductSubs":false,"IsSponsoredAd":false,"AdID":null,"AdIndex":null,"IsMarketProduct":false,"IsGiftable":false,"Vendor":null,"Untraceable":false,"ThirdPartyProductInfo":null,"MarketFeatures":null,"MarketSpecifications":null,"SupplyLimitSource":"StockQuantity","Tags":[{"Content":{"Type":"Label","Position":"Top","Attributes":{"Text":"LOW PRICE","Promotion":"LowPrice","BackgroundColor":"#c20016","BorderColor":"#c20016","TextColor":"#fff"}},"TemplateId":null,"Metadata":null}],"IsPersonalisedByPurchaseHistory":false,"IsFromFacetedSearch":false,"NextAvailabilityDate":null,"NumberOfSubstitutes":0,"IsPrimaryVariant":false,"VariantGroupId":0,"HasVariants":false,"VariantTitle":null,"IsTobacco":false}],"Name":"Woolworths Cookies & Cream Ice Cream Sandwich","DisplayName":"Woolworths Cookies & Cream Ice Cream Sandwich 4 Pack"},{"Products":[{"TileID":0,"Stockcode":830211,"Barcode":"9300633744182","GtinFormat":13,"CupPrice":0.73,"InstoreCupPrice":0.73,"CupMeasure":"100ML","CupString":"$0.73 / 100ML","InstoreCupString":"$0.73 / 100ML","HasCupPrice":true,"InstoreHasCupPrice":true,"Price":3.2,"InstorePrice":3.2,"Name":"Woolworths Vanilla Ice Cream Sandwich","DisplayName":"Woolworths Vanilla Ice Cream Sandwich 440ml 4 Pack","UrlFriendlyName":"woolworths-vanilla-ice-cream-sandwich","Description":" Woolworths Vanilla Ice Cream<br>Sandwich 440mL 4 Pack","SmallImageFile":"https://cdn0.woolworths.media/content/wowproductimages/small/830211.jpg","MediumImageFile":"https://cdn0.woolworths.media/content/wowproductimages/medium/830211.jpg","LargeImageFile":"https://cdn0.woolworths.media/content/wowproductimages/large/830211.jpg","IsNew":false,"IsHalfPrice":false,"IsOnlineOnly":false,"IsOnSpecial":false,"InstoreIsOnSpecial":false,"IsEdrSpecial":false,"SavingsAmount":0.0,"InstoreSavingsAmount":0.0,"WasPrice":3.2,"InstoreWasPrice":3.2,"QuantityInTrolley":0,"Unit":"Each","MinimumQuantity":1,"HasBeenBoughtBefore":false,"IsInTrolley":false,"Source":"Aisle.Freezer","SupplyLimit":8,"ProductLimit":50,"MaxSupplyLimitMessage":"8 item(s) left","IsRanged":true,"IsInStock":true,"PackageSize":"440mL 4 Pack","IsPmDelivery":true,"IsForCollection":true,"IsForDelivery":true,"IsForExpress":true,"ProductRestrictionMessage":null,"ProductWarningMessage":null,"CentreTag":{"TagContent":null,"TagLink":null,"FallbackText":null,"TagType":"None","MultibuyData":null,"TagContentText":null,"DualImageTagContent":null,"PromotionType":"NOT_SET","IsRegisteredRewardCardPromotion":false},"IsCentreTag":false,"ImageTag":{"TagContent":null,"TagLink":null,"FallbackText":"","TagType":"None","MultibuyData":null,"TagContentText":null,"DualImageTagContent":null,"PromotionType":"NOT_SET","IsRegisteredRewardCardPromotion":false},"HeaderTag":{"BackgroundColor":"#c20016","BorderColor":"#c20016","TextColor":"#fff","Content":"LOW PRICE","TagLink":null,"Promotion":"LowPrice"},"HasHeaderTag":true,"UnitWeightInGrams":0,"SupplyLimitMessage":"'Woolworths Vanilla Ice Cream Sandwich' has a supply limit of 8. The quantity in your cart has been reduced accordingly. To purchase a larger quantity, please contact us on 1800 000 610. Please note we do not supply trade orders.","SmallFormatDescription":"Woolworths Vanilla Ice Cream Sandwich","FullDescription":"Woolworths Vanilla Ice Cream Sandwich","IsAvailable":true,"InstoreIsAvailable":true,"IsPurchasable":true,"InstoreIsPurchasable":true,"AgeRestricted":false,"DisplayQuantity":1,"RichDescription":null,"HideWasSavedPrice":false,"SapCategories":null,"Brand":"Woolworths","IsRestrictedByDeliveryMethod":false,"FooterTag":{"TagContent":"Lower Price Always","TagLink":null,"FallbackText":null,"TagType":"Html","MultibuyData":null,"TagContentText":null,"DualImageTagContent":null,"PromotionType":"NOT_SET","IsRegisteredRewardCardPromotion":false},"IsFooterEnabled":true,"Diagnostics":"31","IsBundle":false,"IsInFamily":false,"ChildProducts":null,"UrlOverride":null,"AdditionalAttributes":{"boxedcontents":null,"addedvitaminsandminerals":"False","sapdepartmentname":"GROCERIES","spf":null,"haircolour":null,"lifestyleanddietarystatement":null,"sapcategoryname":"ICE CREAM","skintype":null,"importantinformation":null,"allergystatement":"Fish Free","productdepthmm":null,"skincondition":null,"ophthalmologistapproved":null,"healthstarrating":"2","hairtype":null,"fragrance-free":null,"sapsegmentname":"SNACKING","suitablefor":null,"PiesProductDepartmentsjson":"[{\"Id\":\"1_ACA2FC2\",\"Description\":\"Freezer\"}]","piessubcategorynamesjson":"[\"Ice Cream Sticks & Cones\"]","sapsegmentno":"7","productwidthmm":null,"contains":null,"sapsubcategoryname":"FREEZER - ICE CREAM MULTIPACKS","dermatologisttested":null,"wool_productpackaging":null,"dermatologicallyapproved":null,"specialsgroupid":null,"productimages":"830211.jpg,830211_1.jpg,830211_3.jpg,830211_4.jpg","productheightmm":null,"r&r_hidereviews":null,"microwavesafe":"False","paba-free":null,"lifestyleclaim":null,"alcoholfree":null,"tgawarning":null,"activeconstituents":null,"microwaveable":"False","soap-free":null,"countryoforigin":null,"isexcludedfromsubstitution":"False","productimagecount":"4","r&r_loggedinreviews":null,"anti-dandruff":null,"servingsize-total-nip":null,"tgahealthwarninglink":null,"allergenmaybepresent":"Peanuts, Tree Nuts","PiesProductDepartmentNodeId":"1_ACA2FC2","parabenfree":"False","vendorarticleid":null,"containsgluten":"False","containsnuts":"False","ingredients":"Ice Cream (68%) (Water, Cream (25%), Liquid Sugar (Sugar, Water), Milk Solids, Glucose Syrup (Maize), Thickeners (412, 410, 407, 401), Vegetable Emulsifier (471), Natural Vanilla Flavour), Biscuit (32%) (Wheat Flour, Sugar, Palm Oil, Molasses, Rice Syrup, Salt, Raising Agent (Sodium Carbonates), Natural Colour (Caramel I), Vegetable Emulsifier (Soy Lecithin)), Ice Cream portion contains minimum 10% Milk Fat","colour":null,"manufacturer":null,"sapcategoryno":"94","storageinstructions":"Keep Frozen","tgawarnings":null,"piesdepartmentnamesjson":"[\"Freezer\"]","brand":"woolworths","oilfree":null,"fragrance":null,"antibacterial":"False","non-comedogenic":null,"antiseptic":"False","bpafree":"False","vendorcostprice":null,"description":null,"sweatresistant":null,"sapsubcategoryno":"104","claims":null,"antioxidant":"False","phbalanced":null,"wool_dietaryclaim":"Free From Artificial Colour\rFree From Artificial Flavour","ophthalmologisttested":null,"sulfatefree":"False","servingsperpack-total-nip":null,"piescategorynamesjson":"[\"Ice Cream\"]","nutritionalinformation":"{\"Name\":\"Nutritional Information\",\"Attributes\":[{\"Id\":702,\"Name\":\"Calcium Quantity Per 100g - Total - NIP\",\"Value\":\"76mg\",\"Description\":\"Calcium Quantity Per 100g - Total - NIP\",\"SortOrder\":71},{\"Id\":47,\"Name\":\"Calcium Quantity Per Serve - Total - NIP\",\"Value\":\"50.16mg\",\"Description\":\"Calcium Quantity Per Serve - Total - NIP\",\"SortOrder\":75},{\"Id\":705,\"Name\":\"Carbohydrate Quantity Per 100g - Total - NIP\",\"Value\":\"Approx.39.8g\",\"Description\":\"Carbohydrate Quantity Per 100g - Total - NIP\",\"SortOrder\":83},{\"Id\":706,\"Name\":\"Carbohydrate Quantity Per Serve - Total - NIP\",\"Value\":\"Approx.26.3g\",\"Description\":\"Carbohydrate Quantity Per Serve - Total - NIP\",\"SortOrder\":87},{\"Id\":714,\"Name\":\"Cholesterol Quantity Per 100g - Total - NIP\",\"Value\":\"25mg\",\"Description\":\"Cholesterol Quantity Per 100g - Total - NIP\",\"SortOrder\":111},{\"Id\":125,\"Name\":\"Cholesterol Quantity Per Serve - Total - NIP\",\"Value\":\"16.5mg\",\"Description\":\"Cholesterol Quantity Per Serve - Total - NIP\",\"SortOrder\":115},{\"Id\":191,\"Name\":\"Dietary Fibre Quantity Per 100g - Total - NIP\",\"Value\":\"Approx.1g\",\"Description\":\"Dietary Fibre Quantity Per 100g - Total - NIP\",\"SortOrder\":175},{\"Id\":120,\"Name\":\"Dietary Fibre Quantity Per Serve - Total - NIP\",\"Value\":\"<1g\",\"Description\":\"Dietary Fibre Quantity Per Serve - Total - NIP\",\"SortOrder\":179},{\"Id\":759,\"Name\":\"Energy kJ Quantity Per 100g - Total - NIP\",\"Value\":\"Approx.1120kJ\",\"Description\":\"Energy kJ Quantity Per 100g - Total - NIP\",\"SortOrder\":239},{\"Id\":760,\"Name\":\"Energy kJ Quantity Per Serve - Total - NIP\",\"Value\":\"Approx.736kJ\",\"Description\":\"Energy kJ Quantity Per Serve - Total - NIP\",\"SortOrder\":243},{\"Id\":253,\"Name\":\"Fat Saturated Quantity Per 100g - Total - NIP\",\"Value\":\"Approx.6.2g\",\"Description\":\"Fat Saturated Quantity Per 100g - Total - NIP\",\"SortOrder\":251},{\"Id\":258,\"Name\":\"Fat Saturated Quantity Per Serve - Total - NIP\",\"Value\":\"Approx.4.1g\",\"Description\":\"Fat Saturated Quantity Per Serve - Total - NIP\",\"SortOrder\":255},{\"Id\":764,\"Name\":\"Fat Total Quantity Per 100g - Total - NIP\",\"Value\":\"Approx.9.9g\",\"Description\":\"Fat Total Quantity Per 100g - Total - NIP\",\"SortOrder\":263},{\"Id\":166,\"Name\":\"Fat Total Quantity Per 100g - ValueWord - NIP\",\"Value\":\"9.9\",\"Description\":\"Fat Total Quantity Per 100g - ValueWord - NIP\",\"SortOrder\":264},{\"Id\":264,\"Name\":\"Fat Total Quantity Per Serve - Total - NIP\",\"Value\":\"Approx.6.5g\",\"Description\":\"Fat Total Quantity Per Serve - Total - NIP\",\"SortOrder\":267},{\"Id\":402,\"Name\":\"Monounsaturated Quantity Per 100g - Total - NIP\",\"Value\":\"3.44g\",\"Description\":\"Monounsaturated Quantity Per 100g - Total - NIP\",\"SortOrder\":479},{\"Id\":834,\"Name\":\"Monounsaturated Quantity Per Serve - Total - NIP\",\"Value\":\"2.27g\",\"Description\":\"Monounsaturated Quantity Per Serve - Total - NIP\",\"SortOrder\":483},{\"Id\":434,\"Name\":\"Polyunsaturated Quantity Per 100g - Total - NIP\",\"Value\":\"0.49g\",\"Description\":\"Polyunsaturated Quantity Per 100g - Total - NIP\",\"SortOrder\":563},{\"Id\":435,\"Name\":\"Polyunsaturated Quantity Per Serve - Total - NIP\",\"Value\":\"0.32g\",\"Description\":\"Polyunsaturated Quantity Per Serve - Total - NIP\",\"SortOrder\":567},{\"Id\":443,\"Name\":\"Potassium Quantity Per 100g - Total - NIP\",\"Value\":\"214mg\",\"Description\":\"Potassium Quantity Per 100g - Total - NIP\",\"SortOrder\":575},{\"Id\":493,\"Name\":\"Potassium Quantity Per Serve - Total - NIP\",\"Value\":\"141.24mg\",\"Description\":\"Potassium Quantity Per Serve - Total - NIP\",\"SortOrder\":579},{\"Id\":878,\"Name\":\"Protein Quantity Per 100g - Total - NIP\",\"Value\":\"Approx.3.8g\",\"Description\":\"Protein Quantity Per 100g - Total - NIP\",\"SortOrder\":587},{\"Id\":882,\"Name\":\"Protein Quantity Per Serve - Total - NIP\",\"Value\":\"Approx.2.5g\",\"Description\":\"Protein Quantity Per Serve - Total - NIP\",\"SortOrder\":591},{\"Id\":477,\"Name\":\"Serving Size - Total - NIP\",\"Value\":\"66g\",\"Description\":\"Serving Size - Total - NIP\",\"SortOrder\":607},{\"Id\":544,\"Name\":\"Servings Per Pack - Total - NIP\",\"Value\":\"4\",\"Description\":\"Servings Per Pack - Total - NIP\",\"SortOrder\":611},{\"Id\":491,\"Name\":\"Sodium Quantity Per 100g - Total - NIP\",\"Value\":\"Approx.236mg\",\"Description\":\"Sodium Quantity Per 100g - Total - NIP\",\"SortOrder\":623},{\"Id\":495,\"Name\":\"Sodium Quantity Per Serve - Total - NIP\",\"Value\":\"Approx.156mg\",\"Description\":\"Sodium Quantity Per Serve - Total - NIP\",\"SortOrder\":627},{\"Id\":907,\"Name\":\"Sugars Quantity Per 100g - Prefix - NIP\",\"Value\":\"Approx. \",\"Description\":\"Sugars Quantity Per 100g - Prefix - NIP\",\"SortOrder\":645},{\"Id\":908,\"Name\":\"Sugars Quantity Per 100g - SuffixUnits - NIP\",\"Value\":\"g\",\"Description\":\"Sugars Quantity Per 100g - SuffixUnits - NIP\",\"SortOrder\":646},{\"Id\":909,\"Name\":\"Sugars Quantity Per 100g - Total - NIP\",\"Value\":\"Approx.23.8g\",\"Description\":\"Sugars Quantity Per 100g - Total - NIP\",\"SortOrder\":647},{\"Id\":910,\"Name\":\"Sugars Quantity Per 100g - ValueWord - NIP\",\"Value\":\"23.8\",\"Description\":\"Sugars Quantity Per 100g - ValueWord - NIP\",\"SortOrder\":648},{\"Id\":504,\"Name\":\"Sugars Quantity Per Serve - Prefix - NIP\",\"Value\":\"Approx. \",\"Description\":\"Sugars Quantity Per Serve - Prefix - NIP\",\"SortOrder\":649},{\"Id\":911,\"Name\":\"Sugars Quantity Per Serve - SuffixUnits - NIP\",\"Value\":\"g\",\"Description\":\"Sugars Quantity Per Serve - SuffixUnits - NIP\",\"SortOrder\":650},{\"Id\":912,\"Name\":\"Sugars Quantity Per Serve - Total - NIP\",\"Value\":\"Approx.15.7g\",\"Description\":\"Sugars Quantity Per Serve - Total - NIP\",\"SortOrder\":651},{\"Id\":572,\"Name\":\"Sugars Quantity Per Serve - ValueWord - NIP\",\"Value\":\"15.7\",\"Description\":\"Sugars Quantity Per Serve - ValueWord - NIP\",\"SortOrder\":652},{\"Id\":593,\"Name\":\"Trans Quantity Per 100g - Total - NIP\",\"Value\":\"<1g\",\"Description\":\"Trans Quantity Per 100g - Total - NIP\",\"SortOrder\":667},{\"Id\":510,\"Name\":\"Trans Quantity Per Serve - Total - NIP\",\"Value\":\"<1g\",\"Description\":\"Trans Quantity Per Serve - Total - NIP\",\"SortOrder\":671}]}","ovencook":"False","vegetarian":"False","hypo-allergenic":null,"timer":null,"dermatologistrecommended":null,"sapdepartmentno":"5","allergencontains":"Soy, Milk, Gluten","waterresistant":null,"friendlydisclaimer":null,"recyclableinformation":null,"usageinstructions":null,"freezable":"False"},"DetailsImagePaths":["https://cdn0.woolworths.media/content/wowproductimages/large/830211.jpg"],"Variety":"Ice Cream Sandwich","Rating":{"ReviewCount":810,"RatingCount":810,"RatingSum":3120,"OneStarCount":36,"TwoStarCount":63,"ThreeStarCount":161,"FourStarCount":275,"FiveStarCount":275,"Average":3.85185185185185,"OneStarPercentage":4.44444444444444,"TwoStarPercentage":7.77777777777778,"ThreeStarPercentage":19.8765432098765,"FourStarPercentage":33.9506172839506,"FiveStarPercentage":33.9506172839506},"HasProductSubs":false,"IsSponsoredAd":false,"AdID":null,"AdIndex":null,"IsMarketProduct":false,"IsGiftable":false,"Vendor":null,"Untraceable":false,"ThirdPartyProductInfo":null,"MarketFeatures":null,"MarketSpecifications":null,"SupplyLimitSource":"StockQuantity","Tags":[{"Content":{"Type":"Label","Position":"Top","Attributes":{"Text":"LOW PRICE","Promotion":"LowPrice","BackgroundColor":"#c20016","BorderColor":"#c20016","TextColor":"#fff"}},"TemplateId":null,"Metadata":null}],"IsPersonalisedByPurchaseHistory":false,"IsFromFacetedSearch":false,"NextAvailabilityDate":null,"NumberOfSubstitutes":0,"IsPrimaryVariant":false,"VariantGroupId":0,"HasVariants":false,"VariantTitle":null,"IsTobacco":false}],"Name":"Woolworths Vanilla Ice Cream Sandwich","DisplayName":"Woolworths Vanilla Ice Cream Sandwich 440ml 4 Pack"},{"Products":[{"TileID":0,"Stockcode":682383,"Barcode":"9339687041312","GtinFormat":13,"CupPrice":0.73,"InstoreCupPrice":0.73,"CupMeasure":"100ML","CupString":"$0.73 / 100ML","InstoreCupString":"$0.73 / 100ML","HasCupPrice":true,"InstoreHasCupPrice":true,"Price":3.2,"InstorePrice":3.2,"Name":"Woolworths Peppermint Chocolate Flakes Ice Cream Sandwich","DisplayName":"Woolworths Peppermint Chocolate Flakes Ice Cream Sandwich 4 Pack","UrlFriendlyName":"woolworths-peppermint-chocolate-flakes-ice-cream-sandwich","Description":" Woolworths Peppermint<br>Chocolate Flakes... 4 Pack","SmallImageFile":"https://cdn0.woolworths.media/content/wowproductimages/small/682383.jpg","MediumImageFile":"https://cdn0.woolworths.media/content/wowproductimages/medium/682383.jpg","LargeImageFile":"https://cdn0.woolworths.media/content/wowproductimages/large/682383.jpg","IsNew":false,"IsHalfPrice":false,"IsOnlineOnly":false,"IsOnSpecial":false,"InstoreIsOnSpecial":false,"IsEdrSpecial":false,"SavingsAmount":0.0,"InstoreSavingsAmount":0.0,"WasPrice":3.2,"InstoreWasPrice":3.2,"QuantityInTrolley":0,"Unit":"Each","MinimumQuantity":1,"HasBeenBoughtBefore":false,"IsInTrolley":false,"Source":"Aisle.Freezer","SupplyLimit":20,"ProductLimit":50,"MaxSupplyLimitMessage":"20 item(s) left","IsRanged":true,"IsInStock":true,"PackageSize":"4 Pack","IsPmDelivery":true,"IsForCollection":true,"IsForDelivery":true,"IsForExpress":true,"ProductRestrictionMessage":null,"ProductWarningMessage":null,"CentreTag":{"TagContent":null,"TagLink":null,"FallbackText":null,"TagType":"None","MultibuyData":null,"TagContentText":null,"DualImageTagContent":null,"PromotionType":"NOT_SET","IsRegisteredRewardCardPromotion":false},"IsCentreTag":false,"ImageTag":{"TagContent":null,"TagLink":null,"FallbackText":"","TagType":"None","MultibuyData":null,"TagContentText":null,"DualImageTagContent":null,"PromotionType":"NOT_SET","IsRegisteredRewardCardPromotion":false},"HeaderTag":{"BackgroundColor":"#c20016","BorderColor":"#c20016","TextColor":"#fff","Content":"LOW PRICE","TagLink":null,"Promotion":"LowPrice"},"HasHeaderTag":true,"UnitWeightInGrams":0,"SupplyLimitMessage":"'Woolworths Peppermint Chocolate Flakes Ice Cream Sandwich' has a supply limit of 20. The quantity in your cart has been reduced accordingly. To purchase a larger quantity, please contact us on 1800 000 610. Please note we do not supply trade orders.","SmallFormatDescription":"Woolworths Peppermint Chocolate Flakes Ice Cream Sandwich","FullDescription":"Woolworths Peppermint Chocolate Flakes Ice Cream Sandwich","IsAvailable":true,"InstoreIsAvailable":true,"IsPurchasable":true,"InstoreIsPurchasable":true,"AgeRestricted":false,"DisplayQuantity":1,"RichDescription":null,"HideWasSavedPrice":false,"SapCategories":null,"Brand":"Woolworths","IsRestrictedByDeliveryMethod":false,"FooterTag":{"TagContent":"Lower Price Always","TagLink":null,"FallbackText":null,"TagType":"Html","MultibuyData":null,"TagContentText":null,"DualImageTagContent":null,"PromotionType":"NOT_SET","IsRegisteredRewardCardPromotion":false},"IsFooterEnabled":true,"Diagnostics":"32","IsBundle":false,"IsInFamily":false,"ChildProducts":null,"UrlOverride":null,"AdditionalAttributes":{"boxedcontents":null,"addedvitaminsandminerals":"False","sapdepartmentname":"GROCERIES","spf":null,"haircolour":null,"lifestyleanddietarystatement":null,"sapcategoryname":"ICE CREAM","skintype":null,"importantinformation":null,"allergystatement":"Fish Free","productdepthmm":null,"skincondition":null,"ophthalmologistapproved":null,"healthstarrating":"2","hairtype":null,"fragrance-free":null,"sapsegmentname":"SNACKING","suitablefor":null,"PiesProductDepartmentsjson":"[{\"Id\":\"1_ACA2FC2\",\"Description\":\"Freezer\"}]","piessubcategorynamesjson":"[\"Ice Cream Sticks & Cones\"]","sapsegmentno":"7","productwidthmm":null,"contains":null,"sapsubcategoryname":"FREEZER - ICE CREAM MULTIPACKS","dermatologisttested":null,"wool_productpackaging":null,"dermatologicallyapproved":null,"specialsgroupid":null,"productimages":"682383.jpg,682383_1.jpg,682383_2.jpg,682383_3.jpg","productheightmm":null,"r&r_hidereviews":null,"microwavesafe":"False","paba-free":null,"lifestyleclaim":null,"alcoholfree":null,"tgawarning":null,"activeconstituents":null,"microwaveable":"False","soap-free":null,"countryoforigin":null,"isexcludedfromsubstitution":"False","productimagecount":"4","r&r_loggedinreviews":null,"anti-dandruff":null,"servingsize-total-nip":null,"tgahealthwarninglink":null,"allergenmaybepresent":"Peanuts, Tree Nuts","PiesProductDepartmentNodeId":"1_ACA2FC2","parabenfree":"False","vendorarticleid":null,"containsgluten":"False","containsnuts":"False","ingredients":"Ice Cream (63%) (Water, Cream (25%), Liquid Sugar (Sugar, Water), Glucose Syrup (Maize), Milk Solids, Thickeners (412, 410, 407, 401), Vegetable Emulsifier (471), Gardenia Extract, Natural Flavour (Peppermint Oil), Natural Colour (Curcumin)), Choc Biscuit (32%) (Wheat Flour, Sugar, Natural Colour (Caramel I), Palm Oil, Cocoa Solids, Rice Syrup, Raising Agent (Sodium Carbonates), Salt, Vegetable Emulsifier (Soy Lecithins)), Chocolate Flakes (5%) (Sugar, Cocoa Mass, Milk Solids, Cocoa Butter, Vegetable Emulsifier (Soy Lecithins), Natural Flavour), Ice Cream portion contains minimum 10% Milk Fat","colour":null,"manufacturer":null,"sapcategoryno":"94","storageinstructions":"Keep Frozen","tgawarnings":null,"piesdepartmentnamesjson":"[\"Freezer\"]","brand":"woolworths","oilfree":null,"fragrance":null,"antibacterial":"False","non-comedogenic":null,"antiseptic":"False","bpafree":"False","vendorcostprice":null,"description":null,"sweatresistant":null,"sapsubcategoryno":"104","claims":null,"antioxidant":"False","phbalanced":null,"wool_dietaryclaim":"Free From Artificial Colour\rFree From Artificial Flavour","ophthalmologisttested":null,"sulfatefree":"False","servingsperpack-total-nip":null,"piescategorynamesjson":"[\"Ice Cream\"]","nutritionalinformation":"{\"Name\":\"Nutritional Information\",\"Attributes\":[{\"Id\":705,\"Name\":\"Carbohydrate Quantity Per 100g - Total - NIP\",\"Value\":\"Approx.40.8g\",\"Description\":\"Carbohydrate Quantity Per 100g - Total - NIP\",\"SortOrder\":83},{\"Id\":706,\"Name\":\"Carbohydrate Quantity Per Serve - Total - NIP\",\"Value\":\"Approx.26.5g\",\"Description\":\"Carbohydrate Quantity Per Serve - Total - NIP\",\"SortOrder\":87},{\"Id\":191,\"Name\":\"Dietary Fibre Quantity Per 100g - Total - NIP\",\"Value\":\"Approx.1g\",\"Description\":\"Dietary Fibre Quantity Per 100g - Total - NIP\",\"SortOrder\":175},{\"Id\":120,\"Name\":\"Dietary Fibre Quantity Per Serve - Total - NIP\",\"Value\":\"<1g\",\"Description\":\"Dietary Fibre Quantity Per Serve - Total - NIP\",\"SortOrder\":179},{\"Id\":759,\"Name\":\"Energy kJ Quantity Per 100g - Total - NIP\",\"Value\":\"Approx.1170kJ\",\"Description\":\"Energy kJ Quantity Per 100g - Total - NIP\",\"SortOrder\":239},{\"Id\":760,\"Name\":\"Energy kJ Quantity Per Serve - Total - NIP\",\"Value\":\"Approx.761kJ\",\"Description\":\"Energy kJ Quantity Per Serve - Total - NIP\",\"SortOrder\":243},{\"Id\":253,\"Name\":\"Fat Saturated Quantity Per 100g - Total - NIP\",\"Value\":\"Approx.6.9g\",\"Description\":\"Fat Saturated Quantity Per 100g - Total - NIP\",\"SortOrder\":251},{\"Id\":258,\"Name\":\"Fat Saturated Quantity Per Serve - Total - NIP\",\"Value\":\"Approx.4.5g\",\"Description\":\"Fat Saturated Quantity Per Serve - Total - NIP\",\"SortOrder\":255},{\"Id\":764,\"Name\":\"Fat Total Quantity Per 100g - Total - NIP\",\"Value\":\"Approx.10.9g\",\"Description\":\"Fat Total Quantity Per 100g - Total - NIP\",\"SortOrder\":263},{\"Id\":166,\"Name\":\"Fat Total Quantity Per 100g - ValueWord - NIP\",\"Value\":\"10.9\",\"Description\":\"Fat Total Quantity Per 100g - ValueWord - NIP\",\"SortOrder\":264},{\"Id\":264,\"Name\":\"Fat Total Quantity Per Serve - Total - NIP\",\"Value\":\"Approx.7.1g\",\"Description\":\"Fat Total Quantity Per Serve - Total - NIP\",\"SortOrder\":267},{\"Id\":878,\"Name\":\"Protein Quantity Per 100g - Total - NIP\",\"Value\":\"Approx.3.9g\",\"Description\":\"Protein Quantity Per 100g - Total - NIP\",\"SortOrder\":587},{\"Id\":882,\"Name\":\"Protein Quantity Per Serve - Total - NIP\",\"Value\":\"Approx.2.5g\",\"Description\":\"Protein Quantity Per Serve - Total - NIP\",\"SortOrder\":591},{\"Id\":477,\"Name\":\"Serving Size - Total - NIP\",\"Value\":\"65g\",\"Description\":\"Serving Size - Total - NIP\",\"SortOrder\":607},{\"Id\":544,\"Name\":\"Servings Per Pack - Total - NIP\",\"Value\":\"4\",\"Description\":\"Servings Per Pack - Total - NIP\",\"SortOrder\":611},{\"Id\":491,\"Name\":\"Sodium Quantity Per 100g - Total - NIP\",\"Value\":\"Approx.264mg\",\"Description\":\"Sodium Quantity Per 100g - Total - NIP\",\"SortOrder\":623},{\"Id\":495,\"Name\":\"Sodium Quantity Per Serve - Total - NIP\",\"Value\":\"Approx.172mg\",\"Description\":\"Sodium Quantity Per Serve - Total - NIP\",\"SortOrder\":627},{\"Id\":907,\"Name\":\"Sugars Quantity Per 100g - Prefix - NIP\",\"Value\":\"Approx. \",\"Description\":\"Sugars Quantity Per 100g - Prefix - NIP\",\"SortOrder\":645},{\"Id\":908,\"Name\":\"Sugars Quantity Per 100g - SuffixUnits - NIP\",\"Value\":\"g\",\"Description\":\"Sugars Quantity Per 100g - SuffixUnits - NIP\",\"SortOrder\":646},{\"Id\":909,\"Name\":\"Sugars Quantity Per 100g - Total - NIP\",\"Value\":\"Approx.24.6g\",\"Description\":\"Sugars Quantity Per 100g - Total - NIP\",\"SortOrder\":647},{\"Id\":910,\"Name\":\"Sugars Quantity Per 100g - ValueWord - NIP\",\"Value\":\"24.6\",\"Description\":\"Sugars Quantity Per 100g - ValueWord - NIP\",\"SortOrder\":648},{\"Id\":504,\"Name\":\"Sugars Quantity Per Serve - Prefix - NIP\",\"Value\":\"Approx. \",\"Description\":\"Sugars Quantity Per Serve - Prefix - NIP\",\"SortOrder\":649},{\"Id\":911,\"Name\":\"Sugars Quantity Per Serve - SuffixUnits - NIP\",\"Value\":\"g\",\"Description\":\"Sugars Quantity Per Serve - SuffixUnits - NIP\",\"SortOrder\":650},{\"Id\":912,\"Name\":\"Sugars Quantity Per Serve - Total - NIP\",\"Value\":\"Approx.16g\",\"Description\":\"Sugars Quantity Per Serve - Total - NIP\",\"SortOrder\":651},{\"Id\":572,\"Name\":\"Sugars Quantity Per Serve - ValueWord - NIP\",\"Value\":\"16\",\"Description\":\"Sugars Quantity Per Serve - ValueWord - NIP\",\"SortOrder\":652},{\"Id\":593,\"Name\":\"Trans Quantity Per 100g - Total - NIP\",\"Value\":\"<1g\",\"Description\":\"Trans Quantity Per 100g - Total - NIP\",\"SortOrder\":667},{\"Id\":510,\"Name\":\"Trans Quantity Per Serve - Total - NIP\",\"Value\":\"<1g\",\"Description\":\"Trans Quantity Per Serve - Total - NIP\",\"SortOrder\":671}]}","ovencook":"False","vegetarian":"False","hypo-allergenic":null,"timer":null,"dermatologistrecommended":null,"sapdepartmentno":"5","allergencontains":"Soy, Milk, Gluten","waterresistant":null,"friendlydisclaimer":null,"recyclableinformation":null,"usageinstructions":null,"freezable":"False"},"DetailsImagePaths":["https://cdn0.woolworths.media/content/wowproductimages/large/682383.jpg"],"Variety":"Ice Cream Sandwich","Rating":{"ReviewCount":578,"RatingCount":578,"RatingSum":2517,"OneStarCount":2,"TwoStarCount":18,"ThreeStarCount":61,"FourStarCount":189,"FiveStarCount":308,"Average":4.35467128027682,"OneStarPercentage":0.346020761245675,"TwoStarPercentage":3.11418685121107,"ThreeStarPercentage":10.5536332179931,"FourStarPercentage":32.6989619377163,"FiveStarPercentage":53.2871972318339},"HasProductSubs":false,"IsSponsoredAd":false,"AdID":null,"AdIndex":null,"IsMarketProduct":false,"IsGiftable":false,"Vendor":null,"Untraceable":false,"ThirdPartyProductInfo":null,"MarketFeatures":null,"MarketSpecifications":null,"SupplyLimitSource":"StockQuantity","Tags":[{"Content":{"Type":"Label","Position":"Top","Attributes":{"Text":"LOW PRICE","Promotion":"LowPrice","BackgroundColor":"#c20016","BorderColor":"#c20016","TextColor":"#fff"}},"TemplateId":null,"Metadata":null}],"IsPersonalisedByPurchaseHistory":false,"IsFromFacetedSearch":false,"NextAvailabilityDate":null,"NumberOfSubstitutes":0,"IsPrimaryVariant":false,"VariantGroupId":0,"HasVariants":false,"VariantTitle":null,"IsTobacco":false}],"Name":"Woolworths Peppermint Chocolate Flakes Ice Cream Sandwich","DisplayName":"Woolworths Peppermint Chocolate Flakes Ice Cream Sandwich 4 Pack"},{"Products":[{"TileID":0,"Stockcode":120139,"Barcode":"9339687212262","GtinFormat":13,"CupPrice":6.4,"InstoreCupPrice":6.4,"CupMeasure":"1KG","CupString":"$6.40 / 1KG","InstoreCupString":"$6.40 / 1KG","HasCupPrice":true,"InstoreHasCupPrice":true,"Price":3.2,"InstorePrice":3.2,"Name":"Bell Farms Snap Frozen Broccoli Florets","DisplayName":"Bell Farms Snap Frozen Broccoli Florets 500g","UrlFriendlyName":"bell-farms-snap-frozen-broccoli-florets","Description":" Bell Farms Snap Frozen<br>Broccoli Florets  500G","SmallImageFile":"https://cdn0.woolworths.media/content/wowproductimages/small/120139.jpg","MediumImageFile":"https://cdn0.woolworths.media/content/wowproductimages/medium/120139.jpg","LargeImageFile":"https://cdn0.woolworths.media/content/wowproductimages/large/120139.jpg","IsNew":false,"IsHalfPrice":false,"IsOnlineOnly":false,"IsOnSpecial":false,"InstoreIsOnSpecial":false,"IsEdrSpecial":false,"SavingsAmount":0.0,"InstoreSavingsAmount":0.0,"WasPrice":3.2,"InstoreWasPrice":3.2,"QuantityInTrolley":0,"Unit":"Each","MinimumQuantity":1,"HasBeenBoughtBefore":false,"IsInTrolley":false,"Source":"Aisle.Freezer","SupplyLimit":3,"ProductLimit":50,"MaxSupplyLimitMessage":"3 item(s) left","IsRanged":true,"IsInStock":true,"PackageSize":"500G","IsPmDelivery":false,"IsForCollection":true,"IsForDelivery":true,"IsForExpress":true,"ProductRestrictionMessage":null,"ProductWarningMessage":null,"CentreTag":{"TagContent":null,"TagLink":null,"FallbackText":null,"TagType":"None","MultibuyData":null,"TagContentText":null,"DualImageTagContent":null,"PromotionType":"NOT_SET","IsRegisteredRewardCardPromotion":false},"IsCentreTag":false,"ImageTag":{"TagContent":null,"TagLink":null,"FallbackText":"","TagType":"None","MultibuyData":null,"TagContentText":null,"DualImageTagContent":null,"PromotionType":"NOT_SET","IsRegisteredRewardCardPromotion":false},"HeaderTag":{"BackgroundColor":"#c20016","BorderColor":"#c20016","TextColor":"#fff","Content":"LOW PRICE","TagLink":null,"Promotion":"LowPrice"},"HasHeaderTag":true,"UnitWeightInGrams":0,"SupplyLimitMessage":"'Bell Farms Snap Frozen Broccoli Florets' has a supply limit of 3. The quantity in your cart has been reduced accordingly. To purchase a larger quantity, please contact us on 1800 000 610. Please note we do not supply trade orders.","SmallFormatDescription":"Bell Farms Snap Frozen Broccoli Florets ","FullDescription":"Bell Farms Snap Frozen Broccoli Florets ","IsAvailable":true,"InstoreIsAvailable":true,"IsPurchasable":true,"InstoreIsPurchasable":true,"AgeRestricted":false,"DisplayQuantity":1,"RichDescription":null,"HideWasSavedPrice":false,"SapCategories":null,"Brand":"Bell Farms","IsRestrictedByDeliveryMethod":false,"FooterTag":{"TagContent":"Lower Price Always","TagLink":null,"FallbackText":null,"TagType":"Html","MultibuyData":null,"TagContentText":null,"DualImageTagContent":null,"PromotionType":"NOT_SET","IsRegisteredRewardCardPromotion":false},"IsFooterEnabled":true,"Diagnostics":"33","IsBundle":false,"IsInFamily":false,"ChildProducts":null,"UrlOverride":null,"AdditionalAttributes":{"boxedcontents":null,"addedvitaminsandminerals":"False","sapdepartmentname":"GROCERIES","spf":null,"haircolour":null,"lifestyleanddietarystatement":"Low Salt","sapcategoryname":"FROZEN MEALS","skintype":null,"importantinformation":null,"allergystatement":"Egg Free","productdepthmm":null,"skincondition":null,"ophthalmologistapproved":null,"healthstarrating":"5","hairtype":null,"fragrance-free":null,"sapsegmentname":"BROCCOLI","suitablefor":null,"PiesProductDepartmentsjson":"[{\"Id\":\"1_ACA2FC2\",\"Description\":\"Freezer\"}]","piessubcategorynamesjson":"[\"Other Vegetables\",\"Gluten Free\"]","sapsegmentno":"4","productwidthmm":null,"contains":null,"sapsubcategoryname":"FREEZER - VEGETABLES","dermatologisttested":null,"wool_productpackaging":null,"dermatologicallyapproved":null,"specialsgroupid":null,"productimages":"120139.jpg,120139_2.jpg","productheightmm":null,"r&r_hidereviews":null,"microwavesafe":"False","paba-free":null,"lifestyleclaim":null,"alcoholfree":null,"tgawarning":null,"activeconstituents":null,"microwaveable":"False","soap-free":null,"countryoforigin":null,"isexcludedfromsubstitution":"False","productimagecount":"2","r&r_loggedinreviews":null,"anti-dandruff":null,"servingsize-total-nip":null,"tgahealthwarninglink":null,"allergenmaybepresent":null,"PiesProductDepartmentNodeId":"1_ACA2FC2","parabenfree":"False","vendorarticleid":null,"containsgluten":"False","containsnuts":"False","ingredients":"Broccoli","colour":null,"manufacturer":null,"sapcategoryno":"97","storageinstructions":"Keep Frozen","tgawarnings":null,"piesdepartmentnamesjson":"[\"Freezer\"]","brand":"bell farms","oilfree":null,"fragrance":null,"antibacterial":"False","non-comedogenic":null,"antiseptic":"False","bpafree":"False","vendorcostprice":null,"description":null,"sweatresistant":null,"sapsubcategoryno":"103","claims":null,"antioxidant":"False","phbalanced":null,"wool_dietaryclaim":null,"ophthalmologisttested":null,"sulfatefree":"False","servingsperpack-total-nip":null,"piescategorynamesjson":"[\"Frozen Vegetables\",\"Frozen Gluten Free\"]","nutritionalinformation":"{\"Name\":\"Nutritional Information\",\"Attributes\":[{\"Id\":705,\"Name\":\"Carbohydrate Quantity Per 100g - Total - NIP\",\"Value\":\"Approx.1.9g\",\"Description\":\"Carbohydrate Quantity Per 100g - Total - NIP\",\"SortOrder\":83},{\"Id\":706,\"Name\":\"Carbohydrate Quantity Per Serve - Total - NIP\",\"Value\":\"Approx.1.4g\",\"Description\":\"Carbohydrate Quantity Per Serve - Total - NIP\",\"SortOrder\":87},{\"Id\":191,\"Name\":\"Dietary Fibre Quantity Per 100g - Total - NIP\",\"Value\":\"Approx.3.2g\",\"Description\":\"Dietary Fibre Quantity Per 100g - Total - NIP\",\"SortOrder\":175},{\"Id\":120,\"Name\":\"Dietary Fibre Quantity Per Serve - Total - NIP\",\"Value\":\"Approx.2.4g\",\"Description\":\"Dietary Fibre Quantity Per Serve - Total - NIP\",\"SortOrder\":179},{\"Id\":759,\"Name\":\"Energy kJ Quantity Per 100g - Total - NIP\",\"Value\":\"Approx.134kJ\",\"Description\":\"Energy kJ Quantity Per 100g - Total - NIP\",\"SortOrder\":239},{\"Id\":760,\"Name\":\"Energy kJ Quantity Per Serve - Total - NIP\",\"Value\":\"Approx.101kJ\",\"Description\":\"Energy kJ Quantity Per Serve - Total - NIP\",\"SortOrder\":243},{\"Id\":253,\"Name\":\"Fat Saturated Quantity Per 100g - Total - NIP\",\"Value\":\"<1g\",\"Description\":\"Fat Saturated Quantity Per 100g - Total - NIP\",\"SortOrder\":251},{\"Id\":258,\"Name\":\"Fat Saturated Quantity Per Serve - Total - NIP\",\"Value\":\"<1g\",\"Description\":\"Fat Saturated Quantity Per Serve - Total - NIP\",\"SortOrder\":255},{\"Id\":764,\"Name\":\"Fat Total Quantity Per 100g - Total - NIP\",\"Value\":\"<1g\",\"Description\":\"Fat Total Quantity Per 100g - Total - NIP\",\"SortOrder\":263},{\"Id\":166,\"Name\":\"Fat Total Quantity Per 100g - ValueWord - NIP\",\"Value\":\"1\",\"Description\":\"Fat Total Quantity Per 100g - ValueWord - NIP\",\"SortOrder\":264},{\"Id\":264,\"Name\":\"Fat Total Quantity Per Serve - Total - NIP\",\"Value\":\"<1g\",\"Description\":\"Fat Total Quantity Per Serve - Total - NIP\",\"SortOrder\":267},{\"Id\":878,\"Name\":\"Protein Quantity Per 100g - Total - NIP\",\"Value\":\"Approx.3.4g\",\"Description\":\"Protein Quantity Per 100g - Total - NIP\",\"SortOrder\":587},{\"Id\":882,\"Name\":\"Protein Quantity Per Serve - Total - NIP\",\"Value\":\"Approx.2.6g\",\"Description\":\"Protein Quantity Per Serve - Total - NIP\",\"SortOrder\":591},{\"Id\":477,\"Name\":\"Serving Size - Total - NIP\",\"Value\":\"75g\",\"Description\":\"Serving Size - Total - NIP\",\"SortOrder\":607},{\"Id\":491,\"Name\":\"Sodium Quantity Per 100g - Total - NIP\",\"Value\":\"Approx.13mg\",\"Description\":\"Sodium Quantity Per 100g - Total - NIP\",\"SortOrder\":623},{\"Id\":495,\"Name\":\"Sodium Quantity Per Serve - Total - NIP\",\"Value\":\"Approx.10mg\",\"Description\":\"Sodium Quantity Per Serve - Total - NIP\",\"SortOrder\":627},{\"Id\":907,\"Name\":\"Sugars Quantity Per 100g - Prefix - NIP\",\"Value\":\"Approx.\",\"Description\":\"Sugars Quantity Per 100g - Prefix - NIP\",\"SortOrder\":645},{\"Id\":908,\"Name\":\"Sugars Quantity Per 100g - SuffixUnits - NIP\",\"Value\":\"g\",\"Description\":\"Sugars Quantity Per 100g - SuffixUnits - NIP\",\"SortOrder\":646},{\"Id\":909,\"Name\":\"Sugars Quantity Per 100g - Total - NIP\",\"Value\":\"Approx.1.5g\",\"Description\":\"Sugars Quantity Per 100g - Total - NIP\",\"SortOrder\":647},{\"Id\":910,\"Name\":\"Sugars Quantity Per 100g - ValueWord - NIP\",\"Value\":\"1.5\",\"Description\":\"Sugars Quantity Per 100g - ValueWord - NIP\",\"SortOrder\":648},{\"Id\":504,\"Name\":\"Sugars Quantity Per Serve - Prefix - NIP\",\"Value\":\"Approx.\",\"Description\":\"Sugars Quantity Per Serve - Prefix - NIP\",\"SortOrder\":649},{\"Id\":911,\"Name\":\"Sugars Quantity Per Serve - SuffixUnits - NIP\",\"Value\":\"g\",\"Description\":\"Sugars Quantity Per Serve - SuffixUnits - NIP\",\"SortOrder\":650},{\"Id\":912,\"Name\":\"Sugars Quantity Per Serve - Total - NIP\",\"Value\":\"Approx.1.1g\",\"Description\":\"Sugars Quantity Per Serve - Total - NIP\",\"SortOrder\":651},{\"Id\":572,\"Name\":\"Sugars Quantity Per Serve - ValueWord - NIP\",\"Value\":\"1.1\",\"Description\":\"Sugars Quantity Per Serve - ValueWord - NIP\",\"SortOrder\":652}]}","ovencook":"False","vegetarian":"False","hypo-allergenic":null,"timer":null,"dermatologistrecommended":null,"sapdepartmentno":"5","allergencontains":null,"waterresistant":null,"friendlydisclaimer":null,"recyclableinformation":null,"usageinstructions":null,"freezable":"False"},"DetailsImagePaths":["https://cdn0.woolworths.media/content/wowproductimages/large/120139.jpg"],"Variety":null,"Rating":{"ReviewCount":720,"RatingCount":720,"RatingSum":2848,"OneStarCount":21,"TwoStarCount":37,"ThreeStarCount":138,"FourStarCount":281,"FiveStarCount":243,"Average":3.95555555555556,"OneStarPercentage":2.91666666666667,"TwoStarPercentage":5.13888888888889,"ThreeStarPercentage":19.1666666666667,"FourStarPercentage":39.0277777777778,"FiveStarPercentage":33.75},"HasProductSubs":false,"IsSponsoredAd":false,"AdID":null,"AdIndex":null,"IsMarketProduct":false,"IsGiftable":false,"Vendor":null,"Untraceable":false,"ThirdPartyProductInfo":null,"MarketFeatures":null,"MarketSpecifications":null,"SupplyLimitSource":"StockQuantity","Tags":[{"Content":{"Type":"Label","Position":"Top","Attributes":{"Text":"LOW PRICE","Promotion":"LowPrice","BackgroundColor":"#c20016","BorderColor":"#c20016","TextColor":"#fff"}},"TemplateId":null,"Metadata":null}],"IsPersonalisedByPurchaseHistory":false,"IsFromFacetedSearch":false,"NextAvailabilityDate":null,"NumberOfSubstitutes":0,"IsPrimaryVariant":false,"VariantGroupId":0,"HasVariants":false,"VariantTitle":null,"IsTobacco":false}],"Name":"Bell Farms Snap Frozen Broccoli Florets","DisplayName":"Bell Farms Snap Frozen Broccoli Florets 500g"},{"Products":[{"TileID":0,"Stockcode":683568,"Barcode":"9339687042739","GtinFormat":13,"CupPrice":null,"InstoreCupPrice":null,"CupMeasure":"1KG","CupString":"","InstoreCupString":"","HasCupPrice":false,"InstoreHasCupPrice":false,"Price":null,"InstorePrice":null,"Name":"Bell Farms Waffle Cut Fries","DisplayName":"Bell Farms Waffle Cut Fries 750g","UrlFriendlyName":"bell-farms-waffle-cut-fries","Description":" Bell Farms Waffle Cut Fries  750G","SmallImageFile":"https://cdn0.woolworths.media/content/wowproductimages/small/683568.jpg","MediumImageFile":"https://cdn0.woolworths.media/content/wowproductimages/medium/683568.jpg","LargeImageFile":"https://cdn0.woolworths.media/content/wowproductimages/large/683568.jpg","IsNew":false,"IsHalfPrice":false,"IsOnlineOnly":false,"IsOnSpecial":false,"InstoreIsOnSpecial":false,"IsEdrSpecial":false,"SavingsAmount":null,"InstoreSavingsAmount":null,"WasPrice":3.3,"InstoreWasPrice":3.3,"QuantityInTrolley":0,"Unit":"Each","MinimumQuantity":1,"HasBeenBoughtBefore":false,"IsInTrolley":false,"Source":"Aisle.Freezer","SupplyLimit":50,"ProductLimit":50,"MaxSupplyLimitMessage":"50 item limit","IsRanged":true,"IsInStock":false,"PackageSize":"750G","IsPmDelivery":true,"IsForCollection":true,"IsForDelivery":true,"IsForExpress":true,"ProductRestrictionMessage":null,"ProductWarningMessage":null,"CentreTag":{"TagContent":null,"TagLink":null,"FallbackText":null,"TagType":"None","MultibuyData":null,"TagContentText":null,"DualImageTagContent":null,"PromotionType":"NOT_SET","IsRegisteredRewardCardPromotion":false},"IsCentreTag":false,"ImageTag":{"TagContent":null,"TagLink":null,"FallbackText":null,"TagType":"None","MultibuyData":null,"TagContentText":null,"DualImageTagContent":null,"PromotionType":"NOT_SET","IsRegisteredRewardCardPromotion":false},"HeaderTag":null,"HasHeaderTag":false,"UnitWeightInGrams":0,"SupplyLimitMessage":"'Bell Farms Waffle Cut Fries' has a supply limit of 50. The quantity in your cart has been reduced accordingly. To purchase a larger quantity, please contact us on 1800 000 610. Please note we do not supply trade orders.","SmallFormatDescription":"Bell Farms Waffle Cut Fries ","FullDescription":"Bell Farms Waffle Cut Fries ","IsAvailable":false,"InstoreIsAvailable":false,"IsPurchasable":false,"InstoreIsPurchasable":false,"AgeRestricted":false,"DisplayQuantity":1,"RichDescription":null,"HideWasSavedPrice":true,"SapCategories":null,"Brand":"Bell Farms","IsRestrictedByDeliveryMethod":false,"FooterTag":{"TagContent":null,"TagLink":null,"FallbackText":null,"TagType":"None","MultibuyData":null,"TagContentText":null,"DualImageTagContent":null,"PromotionType":"NOT_SET","IsRegisteredRewardCardPromotion":false},"IsFooterEnabled":true,"Diagnostics":"34","IsBundle":false,"IsInFamily":false,"ChildProducts":null,"UrlOverride":null,"AdditionalAttributes":{"boxedcontents":null,"addedvitaminsandminerals":"False","sapdepartmentname":"GROCERIES","spf":null,"haircolour":null,"lifestyleanddietarystatement":"Source of Fibre","sapcategoryname":"FREEZER - VEGETABLES","skintype":null,"importantinformation":null,"allergystatement":"Lactose Free","productdepthmm":null,"skincondition":null,"ophthalmologistapproved":null,"healthstarrating":"4","hairtype":null,"fragrance-free":null,"sapsegmentname":"POTATO HASHBROWNS","suitablefor":null,"PiesProductDepartmentsjson":"[{\"Id\":\"1_ACA2FC2\",\"Description\":\"Freezer\"}]","piessubcategorynamesjson":"[\"Gluten Free\",\"Hashbrowns\"]","sapsegmentno":"31","productwidthmm":null,"contains":null,"sapsubcategoryname":"FREEZER - POTATO","dermatologisttested":null,"wool_productpackaging":null,"dermatologicallyapproved":null,"specialsgroupid":null,"productimages":"683568.jpg,683568_2.jpg","productheightmm":null,"r&r_hidereviews":null,"microwavesafe":"False","paba-free":null,"lifestyleclaim":null,"alcoholfree":null,"tgawarning":null,"activeconstituents":null,"microwaveable":"False","soap-free":null,"countryoforigin":null,"isexcludedfromsubstitution":"False","productimagecount":"2","r&r_loggedinreviews":null,"anti-dandruff":null,"servingsize-total-nip":null,"tgahealthwarninglink":null,"allergenmaybepresent":null,"PiesProductDepartmentNodeId":"1_ACA2FC2","parabenfree":"False","vendorarticleid":null,"containsgluten":"False","containsnuts":"False","ingredients":"Potato (85%), Sunflower Oil, Coating (Rice Flour, Modified Potato Starch, Salt, Black Pepper, Paprika, Onion Powder, Garlic Powder, Dextrose (from Maize), Thickener (415), Paprika Extract, Sunflower Oil, Raising Agents (450, 500))","colour":null,"manufacturer":null,"sapcategoryno":"95","storageinstructions":"Keep Frozen","tgawarnings":null,"piesdepartmentnamesjson":"[\"Freezer\"]","brand":"bell farms","oilfree":null,"fragrance":null,"antibacterial":"False","non-comedogenic":null,"antiseptic":"False","bpafree":"False","vendorcostprice":null,"description":"Our Waffle Cut Fries are lightly seasoned with a hint of spice to give you a delicious crunch with a bit of a kick.","sweatresistant":null,"sapsubcategoryno":"67","claims":null,"antioxidant":"False","phbalanced":null,"wool_dietaryclaim":null,"ophthalmologisttested":null,"sulfatefree":"False","servingsperpack-total-nip":null,"piescategorynamesjson":"[\"Frozen Gluten Free\",\"Chips & Wedges\"]","nutritionalinformation":"{\"Name\":\"Nutritional Information\",\"Attributes\":[{\"Id\":705,\"Name\":\"Carbohydrate Quantity Per 100g - Total - NIP\",\"Value\":\"Approx. 27g\",\"Description\":\"Carbohydrate Quantity Per 100g - Total - NIP\",\"SortOrder\":83},{\"Id\":706,\"Name\":\"Carbohydrate Quantity Per Serve - Total - NIP\",\"Value\":\"Approx. 27.0g\",\"Description\":\"Carbohydrate Quantity Per Serve - Total - NIP\",\"SortOrder\":87},{\"Id\":191,\"Name\":\"Dietary Fibre Quantity Per 100g - Total - NIP\",\"Value\":\"Approx. 2.3g\",\"Description\":\"Dietary Fibre Quantity Per 100g - Total - NIP\",\"SortOrder\":175},{\"Id\":120,\"Name\":\"Dietary Fibre Quantity Per Serve - Total - NIP\",\"Value\":\"Approx. 2.3g\",\"Description\":\"Dietary Fibre Quantity Per Serve - Total - NIP\",\"SortOrder\":179},{\"Id\":759,\"Name\":\"Energy kJ Quantity Per 100g - Total - NIP\",\"Value\":\"Approx. 772kJ\",\"Description\":\"Energy kJ Quantity Per 100g - Total - NIP\",\"SortOrder\":239},{\"Id\":760,\"Name\":\"Energy kJ Quantity Per Serve - Total - NIP\",\"Value\":\"Approx. 772.0kJ\",\"Description\":\"Energy kJ Quantity Per Serve - Total - NIP\",\"SortOrder\":243},{\"Id\":253,\"Name\":\"Fat Saturated Quantity Per 100g - Total - NIP\",\"Value\":\"<1g\",\"Description\":\"Fat Saturated Quantity Per 100g - Total - NIP\",\"SortOrder\":251},{\"Id\":258,\"Name\":\"Fat Saturated Quantity Per Serve - Total - NIP\",\"Value\":\"<1.0g\",\"Description\":\"Fat Saturated Quantity Per Serve - Total - NIP\",\"SortOrder\":255},{\"Id\":764,\"Name\":\"Fat Total Quantity Per 100g - Total - NIP\",\"Value\":\"Approx. 6.9g\",\"Description\":\"Fat Total Quantity Per 100g - Total - NIP\",\"SortOrder\":263},{\"Id\":166,\"Name\":\"Fat Total Quantity Per 100g - ValueWord - NIP\",\"Value\":\"6.9\",\"Description\":\"Fat Total Quantity Per 100g - ValueWord - NIP\",\"SortOrder\":264},{\"Id\":264,\"Name\":\"Fat Total Quantity Per Serve - Total - NIP\",\"Value\":\"Approx. 6.9g\",\"Description\":\"Fat Total Quantity Per Serve - Total - NIP\",\"SortOrder\":267},{\"Id\":878,\"Name\":\"Protein Quantity Per 100g - Total - NIP\",\"Value\":\"Approx. 2.3g\",\"Description\":\"Protein Quantity Per 100g - Total - NIP\",\"SortOrder\":587},{\"Id\":882,\"Name\":\"Protein Quantity Per Serve - Total - NIP\",\"Value\":\"Approx. 2.3g\",\"Description\":\"Protein Quantity Per Serve - Total - NIP\",\"SortOrder\":591},{\"Id\":477,\"Name\":\"Serving Size - Total - NIP\",\"Value\":\"100g\",\"Description\":\"Serving Size - Total - NIP\",\"SortOrder\":607},{\"Id\":544,\"Name\":\"Servings Per Pack - Total - NIP\",\"Value\":\"7.5\",\"Description\":\"Servings Per Pack - Total - NIP\",\"SortOrder\":611},{\"Id\":491,\"Name\":\"Sodium Quantity Per 100g - Total - NIP\",\"Value\":\"Approx. 324mg\",\"Description\":\"Sodium Quantity Per 100g - Total - NIP\",\"SortOrder\":623},{\"Id\":495,\"Name\":\"Sodium Quantity Per Serve - Total - NIP\",\"Value\":\"Approx. 324.0mg\",\"Description\":\"Sodium Quantity Per Serve - Total - NIP\",\"SortOrder\":627},{\"Id\":907,\"Name\":\"Sugars Quantity Per 100g - Prefix - NIP\",\"Value\":\"<\",\"Description\":\"Sugars Quantity Per 100g - Prefix - NIP\",\"SortOrder\":645},{\"Id\":908,\"Name\":\"Sugars Quantity Per 100g - SuffixUnits - NIP\",\"Value\":\"g\",\"Description\":\"Sugars Quantity Per 100g - SuffixUnits - NIP\",\"SortOrder\":646},{\"Id\":909,\"Name\":\"Sugars Quantity Per 100g - Total - NIP\",\"Value\":\"<1g\",\"Description\":\"Sugars Quantity Per 100g - Total - NIP\",\"SortOrder\":647},{\"Id\":910,\"Name\":\"Sugars Quantity Per 100g - ValueWord - NIP\",\"Value\":\"1\",\"Description\":\"Sugars Quantity Per 100g - ValueWord - NIP\",\"SortOrder\":648},{\"Id\":504,\"Name\":\"Sugars Quantity Per Serve - Prefix - NIP\",\"Value\":\"<\",\"Description\":\"Sugars Quantity Per Serve - Prefix - NIP\",\"SortOrder\":649},{\"Id\":911,\"Name\":\"Sugars Quantity Per Serve - SuffixUnits - NIP\",\"Value\":\"g\",\"Description\":\"Sugars Quantity Per Serve - SuffixUnits - NIP\",\"SortOrder\":650},{\"Id\":912,\"Name\":\"Sugars Quantity Per Serve - Total - NIP\",\"Value\":\"<1.0g\",\"Description\":\"Sugars Quantity Per Serve - Total - NIP\",\"SortOrder\":651},{\"Id\":572,\"Name\":\"Sugars Quantity Per Serve - ValueWord - NIP\",\"Value\":\"1.0\",\"Description\":\"Sugars Quantity Per Serve - ValueWord - NIP\",\"SortOrder\":652},{\"Id\":593,\"Name\":\"Trans Quantity Per 100g - Total - NIP\",\"Value\":\"<0.1g\",\"Description\":\"Trans Quantity Per 100g - Total - NIP\",\"SortOrder\":667},{\"Id\":510,\"Name\":\"Trans Quantity Per Serve - Total - NIP\",\"Value\":\"<0.1g\",\"Description\":\"Trans Quantity Per Serve - Total - NIP\",\"SortOrder\":671}]}","ovencook":"False","vegetarian":"False","hypo-allergenic":null,"timer":null,"dermatologistrecommended":null,"sapdepartmentno":"5","allergencontains":null,"waterresistant":null,"friendlydisclaimer":null,"recyclableinformation":null,"usageinstructions":null,"freezable":"False"},"DetailsImagePaths":["https://cdn0.woolworths.media/content/wowproductimages/large/683568.jpg"],"Variety":null,"Rating":{"ReviewCount":823,"RatingCount":823,"RatingSum":2952,"OneStarCount":41,"TwoStarCount":108,"ThreeStarCount":203,"FourStarCount":269,"FiveStarCount":202,"Average":3.5868772782503,"OneStarPercentage":4.98177399756987,"TwoStarPercentage":13.1227217496962,"ThreeStarPercentage":24.6658566221142,"FourStarPercentage":32.685297691373,"FiveStarPercentage":24.5443499392467},"HasProductSubs":false,"IsSponsoredAd":false,"AdID":null,"AdIndex":null,"IsMarketProduct":false,"IsGiftable":false,"Vendor":null,"Untraceable":false,"ThirdPartyProductInfo":null,"MarketFeatures":null,"MarketSpecifications":null,"SupplyLimitSource":"ProductLimit","Tags":null,"IsPersonalisedByPurchaseHistory":false,"IsFromFacetedSearch":false,"NextAvailabilityDate":null,"NumberOfSubstitutes":1,"IsPrimaryVariant":false,"VariantGroupId":0,"HasVariants":false,"VariantTitle":null,"IsTobacco":false}],"Name":"Bell Farms Waffle Cut Fries","DisplayName":"Bell Farms Waffle Cut Fries 750g"},{"Products":[{"TileID":0,"Stockcode":96206,"Barcode":"9310174006014","GtinFormat":13,"CupPrice":null,"InstoreCupPrice":null,"CupMeasure":"1KG","CupString":"","InstoreCupString":"","HasCupPrice":false,"InstoreHasCupPrice":false,"Price":null,"InstorePrice":null,"Name":"Mccain Frozen Peas","DisplayName":"Mccain Frozen Peas 500g","UrlFriendlyName":"mccain-frozen-peas","Description":" Mccain Frozen Peas  500G","SmallImageFile":"https://cdn0.woolworths.media/content/wowproductimages/small/096206.jpg","MediumImageFile":"https://cdn0.woolworths.media/content/wowproductimages/medium/096206.jpg","LargeImageFile":"https://cdn0.woolworths.media/content/wowproductimages/large/096206.jpg","IsNew":false,"IsHalfPrice":false,"IsOnlineOnly":false,"IsOnSpecial":false,"InstoreIsOnSpecial":false,"IsEdrSpecial":false,"SavingsAmount":null,"InstoreSavingsAmount":null,"WasPrice":3.3,"InstoreWasPrice":3.3,"QuantityInTrolley":0,"Unit":"Each","MinimumQuantity":1,"HasBeenBoughtBefore":false,"IsInTrolley":false,"Source":"Aisle.Freezer","SupplyLimit":50,"ProductLimit":50,"MaxSupplyLimitMessage":"50 item limit","IsRanged":true,"IsInStock":false,"PackageSize":"500G","IsPmDelivery":true,"IsForCollection":true,"IsForDelivery":true,"IsForExpress":true,"ProductRestrictionMessage":null,"ProductWarningMessage":null,"CentreTag":{"TagContent":null,"TagLink":null,"FallbackText":null,"TagType":"None","MultibuyData":null,"TagContentText":null,"DualImageTagContent":null,"PromotionType":"NOT_SET","IsRegisteredRewardCardPromotion":false},"IsCentreTag":false,"ImageTag":{"TagContent":null,"TagLink":null,"FallbackText":null,"TagType":"None","MultibuyData":null,"TagContentText":null,"DualImageTagContent":null,"PromotionType":"NOT_SET","IsRegisteredRewardCardPromotion":false},"HeaderTag":null,"HasHeaderTag":false,"UnitWeightInGrams":0,"SupplyLimitMessage":"'Mccain Frozen Peas' has a supply limit of 50. The quantity in your cart has been reduced accordingly. To purchase a larger quantity, please contact us on 1800 000 610. Please note we do not supply trade orders.","SmallFormatDescription":"Mccain Frozen Peas ","FullDescription":"Mccain Frozen Peas ","IsAvailable":false,"InstoreIsAvailable":false,"IsPurchasable":false,"InstoreIsPurchasable":false,"AgeRestricted":false,"DisplayQuantity":1,"RichDescription":null,"HideWasSavedPrice":true,"SapCategories":null,"Brand":"McCain","IsRestrictedByDeliveryMethod":false,"FooterTag":{"TagContent":null,"TagLink":null,"FallbackText":null,"TagType":"None","MultibuyData":null,"TagContentText":null,"DualImageTagContent":null,"PromotionType":"NOT_SET","IsRegisteredRewardCardPromotion":false},"IsFooterEnabled":true,"Diagnostics":"35","IsBundle":false,"IsInFamily":false,"ChildProducts":null,"UrlOverride":null,"AdditionalAttributes":{"boxedcontents":null,"addedvitaminsandminerals":"False","sapdepartmentname":"GROCERIES","spf":null,"haircolour":null,"lifestyleanddietarystatement":"Low Fat","sapcategoryname":"FROZEN MEALS","skintype":null,"importantinformation":null,"allergystatement":"No Artificial Colours or Flavours","productdepthmm":null,"skincondition":null,"ophthalmologistapproved":null,"healthstarrating":"5","hairtype":null,"fragrance-free":null,"sapsegmentname":"PEAS","suitablefor":null,"PiesProductDepartmentsjson":"[{\"Id\":\"1_ACA2FC2\",\"Description\":\"Freezer\"}]","piessubcategorynamesjson":"[\"Beans & Peas\",\"Gluten Free\"]","sapsegmentno":"14","productwidthmm":null,"contains":null,"sapsubcategoryname":"FREEZER - VEGETABLES","dermatologisttested":null,"wool_productpackaging":null,"dermatologicallyapproved":null,"specialsgroupid":null,"productimages":"96206.jpg,96206_2.jpg,96206_8.jpg","productheightmm":null,"r&r_hidereviews":null,"microwavesafe":"False","paba-free":null,"lifestyleclaim":null,"alcoholfree":null,"tgawarning":null,"activeconstituents":null,"microwaveable":"False","soap-free":null,"countryoforigin":null,"isexcludedfromsubstitution":"False","productimagecount":"3","r&r_loggedinreviews":null,"anti-dandruff":null,"servingsize-total-nip":null,"tgahealthwarninglink":null,"allergenmaybepresent":null,"PiesProductDepartmentNodeId":"1_ACA2FC2","parabenfree":"False","vendorarticleid":null,"containsgluten":"False","containsnuts":"False","ingredients":"Peas.","colour":null,"manufacturer":null,"sapcategoryno":"97","storageinstructions":"Keep frozen at or below minus 18°C. Do not thaw before cooking.\nProduct must be cooked before consumption.","tgawarnings":null,"piesdepartmentnamesjson":"[\"Freezer\"]","brand":"mccain","oilfree":null,"fragrance":null,"antibacterial":"False","non-comedogenic":null,"antiseptic":"False","bpafree":"False","vendorcostprice":null,"description":"Frozen green peas, picked for perfection & snap frozen for freshness. The ideal vegetable staple for your freezer!","sweatresistant":null,"sapsubcategoryno":"103","claims":null,"antioxidant":"False","phbalanced":null,"wool_dietaryclaim":null,"ophthalmologisttested":null,"sulfatefree":"False","servingsperpack-total-nip":null,"piescategorynamesjson":"[\"Frozen Vegetables\",\"Frozen Gluten Free\"]","nutritionalinformation":"{\"Name\":\"Nutritional Information\",\"Attributes\":[{\"Id\":702,\"Name\":\"Calcium Quantity Per 100g - Total - NIP\",\"Value\":\"30mg\",\"Description\":\"Calcium Quantity Per 100g - Total - NIP\",\"SortOrder\":71},{\"Id\":47,\"Name\":\"Calcium Quantity Per Serve - Total - NIP\",\"Value\":\"30mg\",\"Description\":\"Calcium Quantity Per Serve - Total - NIP\",\"SortOrder\":75},{\"Id\":705,\"Name\":\"Carbohydrate Quantity Per 100g - Total - NIP\",\"Value\":\"10.50g\",\"Description\":\"Carbohydrate Quantity Per 100g - Total - NIP\",\"SortOrder\":83},{\"Id\":706,\"Name\":\"Carbohydrate Quantity Per Serve - Total - NIP\",\"Value\":\"10.50g\",\"Description\":\"Carbohydrate Quantity Per Serve - Total - NIP\",\"SortOrder\":87},{\"Id\":191,\"Name\":\"Dietary Fibre Quantity Per 100g - Total - NIP\",\"Value\":\"5.00g\",\"Description\":\"Dietary Fibre Quantity Per 100g - Total - NIP\",\"SortOrder\":175},{\"Id\":120,\"Name\":\"Dietary Fibre Quantity Per Serve - Total - NIP\",\"Value\":\"5.00g\",\"Description\":\"Dietary Fibre Quantity Per Serve - Total - NIP\",\"SortOrder\":179},{\"Id\":759,\"Name\":\"Energy kJ Quantity Per 100g - Total - NIP\",\"Value\":\"356.00kJ\",\"Description\":\"Energy kJ Quantity Per 100g - Total - NIP\",\"SortOrder\":239},{\"Id\":760,\"Name\":\"Energy kJ Quantity Per Serve - Total - NIP\",\"Value\":\"356.00kJ\",\"Description\":\"Energy kJ Quantity Per Serve - Total - NIP\",\"SortOrder\":243},{\"Id\":253,\"Name\":\"Fat Saturated Quantity Per 100g - Total - NIP\",\"Value\":\"0.20g\",\"Description\":\"Fat Saturated Quantity Per 100g - Total - NIP\",\"SortOrder\":251},{\"Id\":258,\"Name\":\"Fat Saturated Quantity Per Serve - Total - NIP\",\"Value\":\"0.20g\",\"Description\":\"Fat Saturated Quantity Per Serve - Total - NIP\",\"SortOrder\":255},{\"Id\":764,\"Name\":\"Fat Total Quantity Per 100g - Total - NIP\",\"Value\":\"1.20g\",\"Description\":\"Fat Total Quantity Per 100g - Total - NIP\",\"SortOrder\":263},{\"Id\":166,\"Name\":\"Fat Total Quantity Per 100g - ValueWord - NIP\",\"Value\":\"1.20\",\"Description\":\"Fat Total Quantity Per 100g - ValueWord - NIP\",\"SortOrder\":264},{\"Id\":264,\"Name\":\"Fat Total Quantity Per Serve - Total - NIP\",\"Value\":\"1.20g\",\"Description\":\"Fat Total Quantity Per Serve - Total - NIP\",\"SortOrder\":267},{\"Id\":443,\"Name\":\"Potassium Quantity Per 100g - Total - NIP\",\"Value\":\"268mg\",\"Description\":\"Potassium Quantity Per 100g - Total - NIP\",\"SortOrder\":575},{\"Id\":493,\"Name\":\"Potassium Quantity Per Serve - Total - NIP\",\"Value\":\"268mg\",\"Description\":\"Potassium Quantity Per Serve - Total - NIP\",\"SortOrder\":579},{\"Id\":878,\"Name\":\"Protein Quantity Per 100g - Total - NIP\",\"Value\":\"5.50g\",\"Description\":\"Protein Quantity Per 100g - Total - NIP\",\"SortOrder\":587},{\"Id\":882,\"Name\":\"Protein Quantity Per Serve - Total - NIP\",\"Value\":\"5.50g\",\"Description\":\"Protein Quantity Per Serve - Total - NIP\",\"SortOrder\":591},{\"Id\":477,\"Name\":\"Serving Size - Total - NIP\",\"Value\":\"100.00g\",\"Description\":\"Serving Size - Total - NIP\",\"SortOrder\":607},{\"Id\":544,\"Name\":\"Servings Per Pack - Total - NIP\",\"Value\":\"5.00\",\"Description\":\"Servings Per Pack - Total - NIP\",\"SortOrder\":611},{\"Id\":491,\"Name\":\"Sodium Quantity Per 100g - Total - NIP\",\"Value\":\"12.00mg\",\"Description\":\"Sodium Quantity Per 100g - Total - NIP\",\"SortOrder\":623},{\"Id\":495,\"Name\":\"Sodium Quantity Per Serve - Total - NIP\",\"Value\":\"12.00mg\",\"Description\":\"Sodium Quantity Per Serve - Total - NIP\",\"SortOrder\":627},{\"Id\":907,\"Name\":\"Sugars Quantity Per 100g - Prefix - NIP\",\"Value\":\"Approx.\",\"Description\":\"Sugars Quantity Per 100g - Prefix - NIP\",\"SortOrder\":645},{\"Id\":908,\"Name\":\"Sugars Quantity Per 100g - SuffixUnits - NIP\",\"Value\":\"g\",\"Description\":\"Sugars Quantity Per 100g - SuffixUnits - NIP\",\"SortOrder\":646},{\"Id\":909,\"Name\":\"Sugars Quantity Per 100g - Total - NIP\",\"Value\":\"6.00g\",\"Description\":\"Sugars Quantity Per 100g - Total - NIP\",\"SortOrder\":647},{\"Id\":910,\"Name\":\"Sugars Quantity Per 100g - ValueWord - NIP\",\"Value\":\"6.00\",\"Description\":\"Sugars Quantity Per 100g - ValueWord - NIP\",\"SortOrder\":648},{\"Id\":504,\"Name\":\"Sugars Quantity Per Serve - Prefix - NIP\",\"Value\":\"Approx.\",\"Description\":\"Sugars Quantity Per Serve - Prefix - NIP\",\"SortOrder\":649},{\"Id\":911,\"Name\":\"Sugars Quantity Per Serve - SuffixUnits - NIP\",\"Value\":\"g\",\"Description\":\"Sugars Quantity Per Serve - SuffixUnits - NIP\",\"SortOrder\":650},{\"Id\":912,\"Name\":\"Sugars Quantity Per Serve - Total - NIP\",\"Value\":\"6.00g\",\"Description\":\"Sugars Quantity Per Serve - Total - NIP\",\"SortOrder\":651},{\"Id\":572,\"Name\":\"Sugars Quantity Per Serve - ValueWord - NIP\",\"Value\":\"6.00\",\"Description\":\"Sugars Quantity Per Serve - ValueWord - NIP\",\"SortOrder\":652}]}","ovencook":"False","vegetarian":"False","hypo-allergenic":null,"timer":null,"dermatologistrecommended":null,"sapdepartmentno":"5","allergencontains":null,"waterresistant":null,"friendlydisclaimer":null,"recyclableinformation":null,"usageinstructions":null,"freezable":"False"},"DetailsImagePaths":["https://cdn0.woolworths.media/content/wowproductimages/large/096206.jpg"],"Variety":null,"Rating":{"ReviewCount":67,"RatingCount":67,"RatingSum":310,"OneStarCount":0,"TwoStarCount":1,"ThreeStarCount":4,"FourStarCount":14,"FiveStarCount":48,"Average":4.62686567164179,"OneStarPercentage":0,"TwoStarPercentage":1.49253731343284,"ThreeStarPercentage":5.97014925373134,"FourStarPercentage":20.8955223880597,"FiveStarPercentage":71.6417910447761},"HasProductSubs":false,"IsSponsoredAd":false,"AdID":null,"AdIndex":null,"IsMarketProduct":false,"IsGiftable":false,"Vendor":null,"Untraceable":false,"ThirdPartyProductInfo":null,"MarketFeatures":null,"MarketSpecifications":null,"SupplyLimitSource":"ProductLimit","Tags":null,"IsPersonalisedByPurchaseHistory":false,"IsFromFacetedSearch":false,"NextAvailabilityDate":null,"NumberOfSubstitutes":5,"IsPrimaryVariant":false,"VariantGroupId":0,"HasVariants":false,"VariantTitle":null,"IsTobacco":false}],"Name":"Mccain Frozen Peas","DisplayName":"Mccain Frozen Peas 500g"}],"TotalRecordCount":1074,"UpperDynamicContent":null,"LowerDynamicContent":null,"RichRelevancePlacement":{"placement_name":null,"message":null,"Products":[],"Items":[],"StockcodesForDiscover":[]},"Aggregations":[{"Name":"SoldBy","DisplayName":"Sold By","Type":"Multi","FilterType":"Term","FilterDataType":"String","Results":[{"Name":"Woolworths","Term":"Woolworths","ExtraOutputFields":{},"Min":null,"Max":null,"Applied":false,"Count":1074,"Statement":"Items sold and shipped by Woolworths","DisplayCoachMarks":false}],"ResultsGrouped":null,"State":"Closed","Rank":1,"AdditionalResults":false,"DesignType":"Default","ShowFilter":true,"Statement":"<div style=\"font-size:14px; line-height:20px; color:#3A474E; margin-bottom:8px;\">Everyday Market items are sold by our Everyday Market partners, and are not sold by Woolworths, and are shipped separately from your Woolworths items.</div><div style=\"font-size:14px; line-height:20px; color:#3A474E; margin-bottom:28px;\"><a style=\"padding-top:8px;\" href=\"https://www.woolworths.com.au/shop/discover/everyday-market\" target =\"_blank\">Learn more <i aria-hidden=\"true\" class=\"iconAct-External_Link\"></i></a></div>","DisplayCoachMarks":false,"DisplayIcons":true},{"Name":"Brand","DisplayName":"Brand","Type":"Multi","FilterType":"Term","FilterDataType":"String","Results":null,"ResultsGrouped":[{"Alphabet":"0-9","Filters":[]},{"Alphabet":"A","Filters":[{"Name":"ACIT Import Exports","Term":"ACIT Import Exports","ExtraOutputFields":{},"Min":null,"Max":null,"Applied":false,"Count":1,"Statement":null,"DisplayCoachMarks":false},{"Name":"Always Fresh","Term":"Always Fresh","ExtraOutputFields":{},"Min":null,"Max":null,"Applied":false,"Count":2,"Statement":null,"DisplayCoachMarks":false},{"Name":"Amazonia","Term":"Amazonia","ExtraOutputFields":{},"Min":null,"Max":null,"Applied":false,"Count":2,"Statement":null,"DisplayCoachMarks":false},{"Name":"Amoy","Term":"Amoy","ExtraOutputFields":{},"Min":null,"Max":null,"Applied":false,"Count":2,"Statement":null,"DisplayCoachMarks":false},{"Name":"Amy's Kitchen","Term":"Amy's Kitchen","ExtraOutputFields":{},"Min":null,"Max":null,"Applied":false,"Count":3,"Statement":null,"DisplayCoachMarks":false},{"Name":"Annabel Karmel","Term":"Annabel Karmel","ExtraOutputFields":{},"Min":null,"Max":null,"Applied":false,"Count":8,"Statement":null,"DisplayCoachMarks":false},{"Name":"Art Of Pastry","Term":"Art Of Pastry","ExtraOutputFields":{},"Min":null,"Max":null,"Applied":false,"Count":1,"Statement":null,"DisplayCoachMarks":false},{"Name":"ASP","Term":"ASP","ExtraOutputFields":{},"Min":null,"Max":null,"Applied":false,"Count":1,"Statement":null,"DisplayCoachMarks":false},{"Name":"Aussie Frozen Fruit","Term":"Aussie Frozen Fruit","ExtraOutputFields":{},"Min":null,"Max":null,"Applied":false,"Count":5,"Statement":null,"DisplayCoachMarks":false}]},{"Alphabet":"B","Filters":[{"Name":"Bayview","Term":"Bayview","ExtraOutputFields":{},"Min":null,"Max":null,"Applied":false,"Count":1,"Statement":null,"DisplayCoachMarks":false},{"Name":"Be Fit Food","Term":"Be Fit Food","ExtraOutputFields":{},"Min":null,"Max":null,"Applied":false,"Count":1,"Statement":null,"DisplayCoachMarks":false},{"Name":"Be Fit Food Wholemeal","Term":"Be Fit Food Wholemeal","ExtraOutputFields":{},"Min":null,"Max":null,"Applied":false,"Count":1,"Statement":null,"DisplayCoachMarks":false},{"Name":"Beifang","Term":"Beifang","ExtraOutputFields":{},"Min":null,"Max":null,"Applied":false,"Count":1,"Statement":null,"DisplayCoachMarks":false},{"Name":"Bell Farms","Term":"Bell Farms","ExtraOutputFields":{},"Min":null,"Max":null,"Applied":false,"Count":11,"Statement":null,"DisplayCoachMarks":false},{"Name":"Ben & Jerry’s","Term":"Ben & Jerry’s","ExtraOutputFields":{},"Min":null,"Max":null,"Applied":false,"Count":12,"Statement":null,"DisplayCoachMarks":false},{"Name":"bibigo","Term":"bibigo","ExtraOutputFields":{},"Min":null,"Max":null,"Applied":false,"Count":4,"Statement":null,"DisplayCoachMarks":false},{"Name":"Bibigo","Term":"Bibigo","ExtraOutputFields":{},"Min":null,"Max":null,"Applied":false,"Count":2,"Statement":null,"DisplayCoachMarks":false},{"Name":"Binggrae","Term":"Binggrae","ExtraOutputFields":{},"Min":null,"Max":null,"Applied":false,"Count":1,"Statement":null,"DisplayCoachMarks":false},{"Name":"Birds Eye","Term":"Birds Eye","ExtraOutputFields":{},"Min":null,"Max":null,"Applied":false,"Count":71,"Statement":null,"DisplayCoachMarks":false},{"Name":"Blue ribbon","Term":"Blue ribbon","ExtraOutputFields":{},"Min":null,"Max":null,"Applied":false,"Count":5,"Statement":null,"DisplayCoachMarks":false},{"Name":"Blue Ribbon","Term":"Blue Ribbon","ExtraOutputFields":{},"Min":null,"Max":null,"Applied":false,"Count":3,"Statement":null,"DisplayCoachMarks":false},{"Name":"Borg's","Term":"Borg's","ExtraOutputFields":{},"Min":null,"Max":null,"Applied":false,"Count":5,"Statement":null,"DisplayCoachMarks":false},{"Name":"Bubble O Bill","Term":"Bubble O Bill","ExtraOutputFields":{},"Min":null,"Max":null,"Applied":false,"Count":1,"Statement":null,"DisplayCoachMarks":false},{"Name":"Bubbleme","Term":"Bubbleme","ExtraOutputFields":{},"Min":null,"Max":null,"Applied":false,"Count":2,"Statement":null,"DisplayCoachMarks":false},{"Name":"bubbleme","Term":"bubbleme","ExtraOutputFields":{},"Min":null,"Max":null,"Applied":false,"Count":1,"Statement":null,"DisplayCoachMarks":false},{"Name":"Bulla","Term":"Bulla","ExtraOutputFields":{},"Min":null,"Max":null,"Applied":false,"Count":43,"Statement":null,"DisplayCoachMarks":false},{"Name":"Buono","Term":"Buono","ExtraOutputFields":{},"Min":null,"Max":null,"Applied":false,"Count":3,"Statement":null,"DisplayCoachMarks":false}]},{"Alphabet":"C","Filters":[{"Name":"Cadbury","Term":"Cadbury","ExtraOutputFields":{},"Min":null,"Max":null,"Applied":false,"Count":11,"Statement":null,"DisplayCoachMarks":false},{"Name":"calippo","Term":"calippo","ExtraOutputFields":{},"Min":null,"Max":null,"Applied":false,"Count":1,"Statement":null,"DisplayCoachMarks":false},{"Name":"Cheesebuddy","Term":"Cheesebuddy","ExtraOutputFields":{},"Min":null,"Max":null,"Applied":false,"Count":3,"Statement":null,"DisplayCoachMarks":false},{"Name":"Chiko","Term":"Chiko","ExtraOutputFields":{},"Min":null,"Max":null,"Applied":false,"Count":1,"Statement":null,"DisplayCoachMarks":false},{"Name":"Chupa Chups","Term":"Chupa Chups","ExtraOutputFields":{},"Min":null,"Max":null,"Applied":false,"Count":2,"Statement":null,"DisplayCoachMarks":false},{"Name":"Coco & Lucas'","Term":"Coco & Lucas'","ExtraOutputFields":{},"Min":null,"Max":null,"Applied":false,"Count":8,"Statement":null,"DisplayCoachMarks":false},{"Name":"Coco Earth","Term":"Coco Earth","ExtraOutputFields":{},"Min":null,"Max":null,"Applied":false,"Count":2,"Statement":null,"DisplayCoachMarks":false},{"Name":"Connoisseur","Term":"Connoisseur","ExtraOutputFields":{},"Min":null,"Max":null,"Applied":false,"Count":28,"Statement":null,"DisplayCoachMarks":false},{"Name":"CORE Powerfoods","Term":"CORE Powerfoods","ExtraOutputFields":{},"Min":null,"Max":null,"Applied":false,"Count":3,"Statement":null,"DisplayCoachMarks":false},{"Name":"Core Powerfoods","Term":"Core Powerfoods","ExtraOutputFields":{},"Min":null,"Max":null,"Applied":false,"Count":1,"Statement":null,"DisplayCoachMarks":false},{"Name":"Creative Gourmet","Term":"Creative Gourmet","ExtraOutputFields":{},"Min":null,"Max":null,"Applied":false,"Count":6,"Statement":null,"DisplayCoachMarks":false}]},{"Alphabet":"D","Filters":[{"Name":"Della Rosa","Term":"Della Rosa","ExtraOutputFields":{},"Min":null,"Max":null,"Applied":false,"Count":7,"Statement":null,"DisplayCoachMarks":false},{"Name":"Denada","Term":"Denada","ExtraOutputFields":{},"Min":null,"Max":null,"Applied":false,"Count":3,"Statement":null,"DisplayCoachMarks":false},{"Name":"Devour","Term":"Devour","ExtraOutputFields":{},"Min":null,"Max":null,"Applied":false,"Count":1,"Statement":null,"DisplayCoachMarks":false},{"Name":"Dineamic","Term":"Dineamic","ExtraOutputFields":{},"Min":null,"Max":null,"Applied":false,"Count":3,"Statement":null,"DisplayCoachMarks":false},{"Name":"Double Merino","Term":"Double Merino","ExtraOutputFields":{},"Min":null,"Max":null,"Applied":false,"Count":1,"Statement":null,"DisplayCoachMarks":false},{"Name":"Dr. Oetker","Term":"Dr. Oetker","ExtraOutputFields":{},"Min":null,"Max":null,"Applied":false,"Count":5,"Statement":null,"DisplayCoachMarks":false}]},{"Alphabet":"E","Filters":[{"Name":"Earth","Term":"Earth","ExtraOutputFields":{},"Min":null,"Max":null,"Applied":false,"Count":2,"Statement":null,"DisplayCoachMarks":false},{"Name":"Eastern Kitchen","Term":"Eastern Kitchen","ExtraOutputFields":{},"Min":null,"Max":null,"Applied":false,"Count":1,"Statement":null,"DisplayCoachMarks":false},{"Name":"Essentials","Term":"Essentials","ExtraOutputFields":{},"Min":null,"Max":null,"Applied":false,"Count":8,"Statement":null,"DisplayCoachMarks":false}]},{"Alphabet":"F","Filters":[{"Name":"Farm Pride","Term":"Farm Pride","ExtraOutputFields":{},"Min":null,"Max":null,"Applied":false,"Count":1,"Statement":null,"DisplayCoachMarks":false},{"Name":"Ferrero","Term":"Ferrero","ExtraOutputFields":{},"Min":null,"Max":null,"Applied":false,"Count":2,"Statement":null,"DisplayCoachMarks":false},{"Name":"Findus","Term":"Findus","ExtraOutputFields":{},"Min":null,"Max":null,"Applied":false,"Count":3,"Statement":null,"DisplayCoachMarks":false},{"Name":"Fitness Outcomes","Term":"Fitness Outcomes","ExtraOutputFields":{},"Min":null,"Max":null,"Applied":false,"Count":6,"Statement":null,"DisplayCoachMarks":false},{"Name":"Four'N Twenty","Term":"Four'N Twenty","ExtraOutputFields":{},"Min":null,"Max":null,"Applied":false,"Count":11,"Statement":null,"DisplayCoachMarks":false},{"Name":"Fropro","Term":"Fropro","ExtraOutputFields":{},"Min":null,"Max":null,"Applied":false,"Count":12,"Statement":null,"DisplayCoachMarks":false},{"Name":"Frys","Term":"Frys","ExtraOutputFields":{},"Min":null,"Max":null,"Applied":false,"Count":6,"Statement":null,"DisplayCoachMarks":false}]},{"Alphabet":"G","Filters":[{"Name":"Garlo's","Term":"Garlo's","ExtraOutputFields":{},"Min":null,"Max":null,"Applied":false,"Count":2,"Statement":null,"DisplayCoachMarks":false},{"Name":"Gelativo","Term":"Gelativo","ExtraOutputFields":{},"Min":null,"Max":null,"Applied":false,"Count":4,"Statement":null,"DisplayCoachMarks":false},{"Name":"Gluten Free Bakehouse","Term":"Gluten Free Bakehouse","ExtraOutputFields":{},"Min":null,"Max":null,"Applied":false,"Count":8,"Statement":null,"DisplayCoachMarks":false},{"Name":"Golden Gaytime","Term":"Golden Gaytime","ExtraOutputFields":{},"Min":null,"Max":null,"Applied":false,"Count":2,"Statement":null,"DisplayCoachMarks":false},{"Name":"Golden Wok","Term":"Golden Wok","ExtraOutputFields":{},"Min":null,"Max":null,"Applied":false,"Count":5,"Statement":null,"DisplayCoachMarks":false},{"Name":"Greens & Goodness","Term":"Greens & Goodness","ExtraOutputFields":{},"Min":null,"Max":null,"Applied":false,"Count":1,"Statement":null,"DisplayCoachMarks":false}]},{"Alphabet":"H","Filters":[{"Name":"Haagen-Dazs","Term":"Haagen-Dazs","ExtraOutputFields":{},"Min":null,"Max":null,"Applied":false,"Count":10,"Statement":null,"DisplayCoachMarks":false},{"Name":"Haldiram's","Term":"Haldiram's","ExtraOutputFields":{},"Min":null,"Max":null,"Applied":false,"Count":1,"Statement":null,"DisplayCoachMarks":false},{"Name":"Halo","Term":"Halo","ExtraOutputFields":{},"Min":null,"Max":null,"Applied":false,"Count":2,"Statement":null,"DisplayCoachMarks":false},{"Name":"Halo Top","Term":"Halo Top","ExtraOutputFields":{},"Min":null,"Max":null,"Applied":false,"Count":3,"Statement":null,"DisplayCoachMarks":false},{"Name":"Hanabi","Term":"Hanabi","ExtraOutputFields":{},"Min":null,"Max":null,"Applied":false,"Count":1,"Statement":null,"DisplayCoachMarks":false},{"Name":"Harry Hoo","Term":"Harry Hoo","ExtraOutputFields":{},"Min":null,"Max":null,"Applied":false,"Count":1,"Statement":null,"DisplayCoachMarks":false},{"Name":"Harry Hoo & Co","Term":"Harry Hoo & Co","ExtraOutputFields":{},"Min":null,"Max":null,"Applied":false,"Count":2,"Statement":null,"DisplayCoachMarks":false},{"Name":"HARRY HOO PTY LTD","Term":"HARRY HOO PTY LTD","ExtraOutputFields":{},"Min":null,"Max":null,"Applied":false,"Count":1,"Statement":null,"DisplayCoachMarks":false},{"Name":"Heinz","Term":"Heinz","ExtraOutputFields":{},"Min":null,"Max":null,"Applied":false,"Count":6,"Statement":null,"DisplayCoachMarks":false},{"Name":"Herbert Adams","Term":"Herbert Adams","ExtraOutputFields":{},"Min":null,"Max":null,"Applied":false,"Count":10,"Statement":null,"DisplayCoachMarks":false},{"Name":"Hersheys","Term":"Hersheys","ExtraOutputFields":{},"Min":null,"Max":null,"Applied":false,"Count":2,"Statement":null,"DisplayCoachMarks":false},{"Name":"Hinterland","Term":"Hinterland","ExtraOutputFields":{},"Min":null,"Max":null,"Applied":false,"Count":6,"Statement":null,"DisplayCoachMarks":false},{"Name":"Ho Mai","Term":"Ho Mai","ExtraOutputFields":{},"Min":null,"Max":null,"Applied":false,"Count":2,"Statement":null,"DisplayCoachMarks":false},{"Name":"Hong Kong Dim Sim Kitchen","Term":"Hong Kong Dim Sim Kitchen","ExtraOutputFields":{},"Min":null,"Max":null,"Applied":false,"Count":4,"Statement":null,"DisplayCoachMarks":false}]},{"Alphabet":"I","Filters":[{"Name":"I Mei","Term":"I Mei","ExtraOutputFields":{},"Min":null,"Max":null,"Applied":false,"Count":2,"Statement":null,"DisplayCoachMarks":false},{"Name":"I&J","Term":"I&J","ExtraOutputFields":{},"Min":null,"Max":null,"Applied":false,"Count":5,"Statement":null,"DisplayCoachMarks":false},{"Name":"Ingham's","Term":"Ingham's","ExtraOutputFields":{},"Min":null,"Max":null,"Applied":false,"Count":23,"Statement":null,"DisplayCoachMarks":false}]},{"Alphabet":"J","Filters":[{"Name":"Jase's Kitchen","Term":"Jase's Kitchen","ExtraOutputFields":{},"Min":null,"Max":null,"Applied":false,"Count":4,"Statement":null,"DisplayCoachMarks":false},{"Name":"Joses Cantina","Term":"Joses Cantina","ExtraOutputFields":{},"Min":null,"Max":null,"Applied":false,"Count":1,"Statement":null,"DisplayCoachMarks":false},{"Name":"Juicies","Term":"Juicies","ExtraOutputFields":{},"Min":null,"Max":null,"Applied":false,"Count":1,"Statement":null,"DisplayCoachMarks":false},{"Name":"Just Caught","Term":"Just Caught","ExtraOutputFields":{},"Min":null,"Max":null,"Applied":false,"Count":15,"Statement":null,"DisplayCoachMarks":false}]},{"Alphabet":"K","Filters":[{"Name":"Katoomba","Term":"Katoomba","ExtraOutputFields":{},"Min":null,"Max":null,"Applied":false,"Count":1,"Statement":null,"DisplayCoachMarks":false},{"Name":"KBS","Term":"KBS","ExtraOutputFields":{},"Min":null,"Max":null,"Applied":false,"Count":1,"Statement":null,"DisplayCoachMarks":false},{"Name":"KB's","Term":"KB's","ExtraOutputFields":{},"Min":null,"Max":null,"Applied":false,"Count":2,"Statement":null,"DisplayCoachMarks":false},{"Name":"Keith's Foods","Term":"Keith's Foods","ExtraOutputFields":{},"Min":null,"Max":null,"Applied":false,"Count":2,"Statement":null,"DisplayCoachMarks":false},{"Name":"KitKat","Term":"KitKat","ExtraOutputFields":{},"Min":null,"Max":null,"Applied":false,"Count":1,"Statement":null,"DisplayCoachMarks":false}]},{"Alphabet":"L","Filters":[{"Name":"La Gina","Term":"La Gina","ExtraOutputFields":{},"Min":null,"Max":null,"Applied":false,"Count":2,"Statement":null,"DisplayCoachMarks":false},{"Name":"Lean Cuisine","Term":"Lean Cuisine","ExtraOutputFields":{},"Min":null,"Max":null,"Applied":false,"Count":16,"Statement":null,"DisplayCoachMarks":false},{"Name":"Leone","Term":"Leone","ExtraOutputFields":{},"Min":null,"Max":null,"Applied":false,"Count":2,"Statement":null,"DisplayCoachMarks":false},{"Name":"Linda Mccartney's","Term":"Linda Mccartney's","ExtraOutputFields":{},"Min":null,"Max":null,"Applied":false,"Count":3,"Statement":null,"DisplayCoachMarks":false},{"Name":"Little Moons","Term":"Little Moons","ExtraOutputFields":{},"Min":null,"Max":null,"Applied":false,"Count":4,"Statement":null,"DisplayCoachMarks":false},{"Name":"Liz & Betty","Term":"Liz & Betty","ExtraOutputFields":{},"Min":null,"Max":null,"Applied":false,"Count":1,"Statement":null,"DisplayCoachMarks":false},{"Name":"Liz & Betty Bitesize","Term":"Liz & Betty Bitesize","ExtraOutputFields":{},"Min":null,"Max":null,"Applied":false,"Count":2,"Statement":null,"DisplayCoachMarks":false},{"Name":"Lotte","Term":"Lotte","ExtraOutputFields":{},"Min":null,"Max":null,"Applied":false,"Count":1,"Statement":null,"DisplayCoachMarks":false},{"Name":"Lucky Kitchen","Term":"Lucky Kitchen","ExtraOutputFields":{},"Min":null,"Max":null,"Applied":false,"Count":4,"Statement":null,"DisplayCoachMarks":false}]},{"Alphabet":"M","Filters":[{"Name":"Macro","Term":"Macro","ExtraOutputFields":{},"Min":null,"Max":null,"Applied":false,"Count":10,"Statement":null,"DisplayCoachMarks":false},{"Name":"Magnum","Term":"Magnum","ExtraOutputFields":{},"Min":null,"Max":null,"Applied":false,"Count":12,"Statement":null,"DisplayCoachMarks":false},{"Name":"Marathon","Term":"Marathon","ExtraOutputFields":{},"Min":null,"Max":null,"Applied":false,"Count":5,"Statement":null,"DisplayCoachMarks":false},{"Name":"Marco Polo","Term":"Marco Polo","ExtraOutputFields":{},"Min":null,"Max":null,"Applied":false,"Count":1,"Statement":null,"DisplayCoachMarks":false},{"Name":"Mars","Term":"Mars","ExtraOutputFields":{},"Min":null,"Max":null,"Applied":false,"Count":1,"Statement":null,"DisplayCoachMarks":false},{"Name":"McCain","Term":"McCain","ExtraOutputFields":{},"Min":null,"Max":null,"Applied":false,"Count":71,"Statement":null,"DisplayCoachMarks":false},{"Name":"MM","Term":"MM","ExtraOutputFields":{},"Min":null,"Max":null,"Applied":false,"Count":1,"Statement":null,"DisplayCoachMarks":false},{"Name":"Mr Chens","Term":"Mr Chens","ExtraOutputFields":{},"Min":null,"Max":null,"Applied":false,"Count":1,"Statement":null,"DisplayCoachMarks":false},{"Name":"Mr Chen's","Term":"Mr Chen's","ExtraOutputFields":{},"Min":null,"Max":null,"Applied":false,"Count":25,"Statement":null,"DisplayCoachMarks":false},{"Name":"Mrs Macs","Term":"Mrs Macs","ExtraOutputFields":{},"Min":null,"Max":null,"Applied":false,"Count":7,"Statement":null,"DisplayCoachMarks":false},{"Name":"Much Moore","Term":"Much Moore","ExtraOutputFields":{},"Min":null,"Max":null,"Applied":false,"Count":4,"Statement":null,"DisplayCoachMarks":false}]},{"Alphabet":"N","Filters":[{"Name":"Nanna's","Term":"Nanna's","ExtraOutputFields":{},"Min":null,"Max":null,"Applied":false,"Count":6,"Statement":null,"DisplayCoachMarks":false},{"Name":"National Pies","Term":"National Pies","ExtraOutputFields":{},"Min":null,"Max":null,"Applied":false,"Count":4,"Statement":null,"DisplayCoachMarks":false},{"Name":"Nestle","Term":"Nestle","ExtraOutputFields":{},"Min":null,"Max":null,"Applied":false,"Count":1,"Statement":null,"DisplayCoachMarks":false},{"Name":"New Chinese Garden","Term":"New Chinese Garden","ExtraOutputFields":{},"Min":null,"Max":null,"Applied":false,"Count":1,"Statement":null,"DisplayCoachMarks":false}]},{"Alphabet":"O","Filters":[{"Name":"Ocean Chef","Term":"Ocean Chef","ExtraOutputFields":{},"Min":null,"Max":null,"Applied":false,"Count":11,"Statement":null,"DisplayCoachMarks":false},{"Name":"On The Menu","Term":"On The Menu","ExtraOutputFields":{},"Min":null,"Max":null,"Applied":false,"Count":29,"Statement":null,"DisplayCoachMarks":false},{"Name":"OOB","Term":"OOB","ExtraOutputFields":{},"Min":null,"Max":null,"Applied":false,"Count":5,"Statement":null,"DisplayCoachMarks":false},{"Name":"Oreo","Term":"Oreo","ExtraOutputFields":{},"Min":null,"Max":null,"Applied":false,"Count":4,"Statement":null,"DisplayCoachMarks":false}]},{"Alphabet":"P","Filters":[{"Name":"Paddle Pop","Term":"Paddle Pop","ExtraOutputFields":{},"Min":null,"Max":null,"Applied":false,"Count":4,"Statement":null,"DisplayCoachMarks":false},{"Name":"Pampas","Term":"Pampas","ExtraOutputFields":{},"Min":null,"Max":null,"Applied":false,"Count":6,"Statement":null,"DisplayCoachMarks":false},{"Name":"Pana","Term":"Pana","ExtraOutputFields":{},"Min":null,"Max":null,"Applied":false,"Count":5,"Statement":null,"DisplayCoachMarks":false},{"Name":"Papa Giuseppi's","Term":"Papa Giuseppi's","ExtraOutputFields":{},"Min":null,"Max":null,"Applied":false,"Count":1,"Statement":null,"DisplayCoachMarks":false},{"Name":"Pasta Italia","Term":"Pasta Italia","ExtraOutputFields":{},"Min":null,"Max":null,"Applied":false,"Count":1,"Statement":null,"DisplayCoachMarks":false},{"Name":"Patties","Term":"Patties","ExtraOutputFields":{},"Min":null,"Max":null,"Applied":false,"Count":5,"Statement":null,"DisplayCoachMarks":false},{"Name":"Pepe's","Term":"Pepe's","ExtraOutputFields":{},"Min":null,"Max":null,"Applied":false,"Count":2,"Statement":null,"DisplayCoachMarks":false},{"Name":"Peters","Term":"Peters","ExtraOutputFields":{},"Min":null,"Max":null,"Applied":false,"Count":40,"Statement":null,"DisplayCoachMarks":false},{"Name":"Pie Society","Term":"Pie Society","ExtraOutputFields":{},"Min":null,"Max":null,"Applied":false,"Count":5,"Statement":null,"DisplayCoachMarks":false},{"Name":"Plantry","Term":"Plantry","ExtraOutputFields":{},"Min":null,"Max":null,"Applied":false,"Count":4,"Statement":null,"DisplayCoachMarks":false},{"Name":"Potato Utopia","Term":"Potato Utopia","ExtraOutputFields":{},"Min":null,"Max":null,"Applied":false,"Count":2,"Statement":null,"DisplayCoachMarks":false},{"Name":"Potong","Term":"Potong","ExtraOutputFields":{},"Min":null,"Max":null,"Applied":false,"Count":2,"Statement":null,"DisplayCoachMarks":false},{"Name":"Proud & Punch","Term":"Proud & Punch","ExtraOutputFields":{},"Min":null,"Max":null,"Applied":false,"Count":5,"Statement":null,"DisplayCoachMarks":false}]},{"Alphabet":"Q","Filters":[{"Name":"Quorn","Term":"Quorn","ExtraOutputFields":{},"Min":null,"Max":null,"Applied":false,"Count":6,"Statement":null,"DisplayCoachMarks":false}]},{"Alphabet":"R","Filters":[{"Name":"Rani Superior","Term":"Rani Superior","ExtraOutputFields":{},"Min":null,"Max":null,"Applied":false,"Count":2,"Statement":null,"DisplayCoachMarks":false},{"Name":"Reese's","Term":"Reese's","ExtraOutputFields":{},"Min":null,"Max":null,"Applied":false,"Count":3,"Statement":null,"DisplayCoachMarks":false},{"Name":"Ruffie Rustic Foods","Term":"Ruffie Rustic Foods","ExtraOutputFields":{},"Min":null,"Max":null,"Applied":false,"Count":3,"Statement":null,"DisplayCoachMarks":false}]},{"Alphabet":"S","Filters":[{"Name":"Sailing Boat","Term":"Sailing Boat","ExtraOutputFields":{},"Min":null,"Max":null,"Applied":false,"Count":1,"Statement":null,"DisplayCoachMarks":false},{"Name":"Sailing Seas","Term":"Sailing Seas","ExtraOutputFields":{},"Min":null,"Max":null,"Applied":false,"Count":3,"Statement":null,"DisplayCoachMarks":false},{"Name":"Samanco","Term":"Samanco","ExtraOutputFields":{},"Min":null,"Max":null,"Applied":false,"Count":1,"Statement":null,"DisplayCoachMarks":false},{"Name":"Sambazon","Term":"Sambazon","ExtraOutputFields":{},"Min":null,"Max":null,"Applied":false,"Count":2,"Statement":null,"DisplayCoachMarks":false},{"Name":"Sammontana","Term":"Sammontana","ExtraOutputFields":{},"Min":null,"Max":null,"Applied":false,"Count":3,"Statement":null,"DisplayCoachMarks":false},{"Name":"Sara Lee","Term":"Sara Lee","ExtraOutputFields":{},"Min":null,"Max":null,"Applied":false,"Count":21,"Statement":null,"DisplayCoachMarks":false},{"Name":"Sealord","Term":"Sealord","ExtraOutputFields":{},"Min":null,"Max":null,"Applied":false,"Count":20,"Statement":null,"DisplayCoachMarks":false},{"Name":"Seng Hork","Term":"Seng Hork","ExtraOutputFields":{},"Min":null,"Max":null,"Applied":false,"Count":2,"Statement":null,"DisplayCoachMarks":false},{"Name":"Serious","Term":"Serious","ExtraOutputFields":{},"Min":null,"Max":null,"Applied":false,"Count":1,"Statement":null,"DisplayCoachMarks":false},{"Name":"Simply Wize","Term":"Simply Wize","ExtraOutputFields":{},"Min":null,"Max":null,"Applied":false,"Count":2,"Statement":null,"DisplayCoachMarks":false},{"Name":"Skinny Cow","Term":"Skinny Cow","ExtraOutputFields":{},"Min":null,"Max":null,"Applied":false,"Count":2,"Statement":null,"DisplayCoachMarks":false},{"Name":"Snickers","Term":"Snickers","ExtraOutputFields":{},"Min":null,"Max":null,"Applied":false,"Count":2,"Statement":null,"DisplayCoachMarks":false},{"Name":"Splice","Term":"Splice","ExtraOutputFields":{},"Min":null,"Max":null,"Applied":false,"Count":1,"Statement":null,"DisplayCoachMarks":false},{"Name":"Spring Home","Term":"Spring Home","ExtraOutputFields":{},"Min":null,"Max":null,"Applied":false,"Count":1,"Statement":null,"DisplayCoachMarks":false},{"Name":"Steggles","Term":"Steggles","ExtraOutputFields":{},"Min":null,"Max":null,"Applied":false,"Count":15,"Statement":null,"DisplayCoachMarks":false},{"Name":"Street Foodie","Term":"Street Foodie","ExtraOutputFields":{},"Min":null,"Max":null,"Applied":false,"Count":1,"Statement":null,"DisplayCoachMarks":false},{"Name":"Streets","Term":"Streets","ExtraOutputFields":{},"Min":null,"Max":null,"Applied":false,"Count":2,"Statement":null,"DisplayCoachMarks":false},{"Name":"Strength Meals Co","Term":"Strength Meals Co","ExtraOutputFields":{},"Min":null,"Max":null,"Applied":false,"Count":9,"Statement":null,"DisplayCoachMarks":false},{"Name":"Strong Roots","Term":"Strong Roots","ExtraOutputFields":{},"Min":null,"Max":null,"Applied":false,"Count":4,"Statement":null,"DisplayCoachMarks":false},{"Name":"Sun Circle","Term":"Sun Circle","ExtraOutputFields":{},"Min":null,"Max":null,"Applied":false,"Count":1,"Statement":null,"DisplayCoachMarks":false},{"Name":"Sunny Queen","Term":"Sunny Queen","ExtraOutputFields":{},"Min":null,"Max":null,"Applied":false,"Count":4,"Statement":null,"DisplayCoachMarks":false},{"Name":"Super Nature","Term":"Super Nature","ExtraOutputFields":{},"Min":null,"Max":null,"Applied":false,"Count":11,"Statement":null,"DisplayCoachMarks":false}]},{"Alphabet":"T","Filters":[{"Name":"Tak Hing","Term":"Tak Hing","ExtraOutputFields":{},"Min":null,"Max":null,"Applied":false,"Count":3,"Statement":null,"DisplayCoachMarks":false},{"Name":"Tegel","Term":"Tegel","ExtraOutputFields":{},"Min":null,"Max":null,"Applied":false,"Count":5,"Statement":null,"DisplayCoachMarks":false},{"Name":"Temptation Bakeries","Term":"Temptation Bakeries","ExtraOutputFields":{},"Min":null,"Max":null,"Applied":false,"Count":6,"Statement":null,"DisplayCoachMarks":false},{"Name":"The Gluten Free Meal Co","Term":"The Gluten Free Meal Co","ExtraOutputFields":{},"Min":null,"Max":null,"Applied":false,"Count":1,"Statement":null,"DisplayCoachMarks":false},{"Name":"The Gozleme Brothers","Term":"The Gozleme Brothers","ExtraOutputFields":{},"Min":null,"Max":null,"Applied":false,"Count":1,"Statement":null,"DisplayCoachMarks":false},{"Name":"The Real Yorkshire Pudding Co.","Term":"The Real Yorkshire Pudding Co.","ExtraOutputFields":{},"Min":null,"Max":null,"Applied":false,"Count":1,"Statement":null,"DisplayCoachMarks":false},{"Name":"The Spice Tailor","Term":"The Spice Tailor","ExtraOutputFields":{},"Min":null,"Max":null,"Applied":false,"Count":2,"Statement":null,"DisplayCoachMarks":false},{"Name":"The St. Food Co.","Term":"The St. Food Co.","ExtraOutputFields":{},"Min":null,"Max":null,"Applied":false,"Count":3,"Statement":null,"DisplayCoachMarks":false},{"Name":"Tilly's","Term":"Tilly's","ExtraOutputFields":{},"Min":null,"Max":null,"Applied":false,"Count":2,"Statement":null,"DisplayCoachMarks":false},{"Name":"Trang's","Term":"Trang's","ExtraOutputFields":{},"Min":null,"Max":null,"Applied":false,"Count":1,"Statement":null,"DisplayCoachMarks":false},{"Name":"Tutto Pasta","Term":"Tutto Pasta","ExtraOutputFields":{},"Min":null,"Max":null,"Applied":false,"Count":2,"Statement":null,"DisplayCoachMarks":false},{"Name":"Twisted","Term":"Twisted","ExtraOutputFields":{},"Min":null,"Max":null,"Applied":false,"Count":7,"Statement":null,"DisplayCoachMarks":false}]},{"Alphabet":"U","Filters":[{"Name":"Umami","Term":"Umami","ExtraOutputFields":{},"Min":null,"Max":null,"Applied":false,"Count":2,"Statement":null,"DisplayCoachMarks":false}]},{"Alphabet":"V","Filters":[{"Name":"Veef","Term":"Veef","ExtraOutputFields":{},"Min":null,"Max":null,"Applied":false,"Count":2,"Statement":null,"DisplayCoachMarks":false},{"Name":"Vegie Delights","Term":"Vegie Delights","ExtraOutputFields":{},"Min":null,"Max":null,"Applied":false,"Count":3,"Statement":null,"DisplayCoachMarks":false},{"Name":"Vezla","Term":"Vezla","ExtraOutputFields":{},"Min":null,"Max":null,"Applied":false,"Count":1,"Statement":null,"DisplayCoachMarks":false},{"Name":"viennetta","Term":"viennetta","ExtraOutputFields":{},"Min":null,"Max":null,"Applied":false,"Count":1,"Statement":null,"DisplayCoachMarks":false}]},{"Alphabet":"W","Filters":[{"Name":"We Knead Donuts","Term":"We Knead Donuts","ExtraOutputFields":{},"Min":null,"Max":null,"Applied":false,"Count":2,"Statement":null,"DisplayCoachMarks":false},{"Name":"Weight Watchers","Term":"Weight Watchers","ExtraOutputFields":{},"Min":null,"Max":null,"Applied":false,"Count":7,"Statement":null,"DisplayCoachMarks":false},{"Name":"Weis","Term":"Weis","ExtraOutputFields":{},"Min":null,"Max":null,"Applied":false,"Count":4,"Statement":null,"DisplayCoachMarks":false},{"Name":"Woolworths","Term":"Woolworths","ExtraOutputFields":{},"Min":null,"Max":null,"Applied":false,"Count":115,"Statement":null,"DisplayCoachMarks":false},{"Name":"WW","Term":"WW","ExtraOutputFields":{},"Min":null,"Max":null,"Applied":false,"Count":1,"Statement":null,"DisplayCoachMarks":false}]},{"Alphabet":"X","Filters":[]},{"Alphabet":"Y","Filters":[{"Name":"Yukimi","Term":"Yukimi","ExtraOutputFields":{},"Min":null,"Max":null,"Applied":false,"Count":1,"Statement":null,"DisplayCoachMarks":false}]},{"Alphabet":"Z","Filters":[]}],"State":"Closed","Rank":1,"AdditionalResults":false,"DesignType":"Default","ShowFilter":true,"Statement":null,"DisplayCoachMarks":false,"DisplayIcons":false},{"Name":"Allergens","DisplayName":"Allergens","Type":"Multi","FilterType":"Term","FilterDataType":"String","Results":null,"ResultsGrouped":[{"Alphabet":"0-9","Filters":[]},{"Alphabet":"A","Filters":[]},{"Alphabet":"B","Filters":[]},{"Alphabet":"C","Filters":[{"Name":"Crustacea Free","Term":"Crustacea Free","ExtraOutputFields":{},"Min":null,"Max":null,"Applied":false,"Count":5,"Statement":null,"DisplayCoachMarks":false}]},{"Alphabet":"D","Filters":[{"Name":"Dairy Free","Term":"Dairy Free","ExtraOutputFields":{},"Min":null,"Max":null,"Applied":false,"Count":304,"Statement":null,"DisplayCoachMarks":false}]},{"Alphabet":"E","Filters":[{"Name":"Egg Free","Term":"Egg Free","ExtraOutputFields":{},"Min":null,"Max":null,"Applied":false,"Count":510,"Statement":null,"DisplayCoachMarks":false}]},{"Alphabet":"F","Filters":[{"Name":"Fish Free","Term":"Fish Free","ExtraOutputFields":{},"Min":null,"Max":null,"Applied":false,"Count":674,"Statement":null,"DisplayCoachMarks":false}]},{"Alphabet":"G","Filters":[{"Name":"Gluten Free","Term":"Gluten Free","ExtraOutputFields":{},"Min":null,"Max":null,"Applied":false,"Count":216,"Statement":null,"DisplayCoachMarks":false}]},{"Alphabet":"H","Filters":[]},{"Alphabet":"I","Filters":[]},{"Alphabet":"J","Filters":[]},{"Alphabet":"K","Filters":[]},{"Alphabet":"L","Filters":[{"Name":"Lactose Free","Term":"Lactose Free","ExtraOutputFields":{},"Min":null,"Max":null,"Applied":false,"Count":304,"Statement":null,"DisplayCoachMarks":false}]},{"Alphabet":"M","Filters":[]},{"Alphabet":"N","Filters":[{"Name":"No Artificial Colours or Flavours","Term":"No Artificial Colours or Flavours","ExtraOutputFields":{},"Min":null,"Max":null,"Applied":false,"Count":382,"Statement":null,"DisplayCoachMarks":false},{"Name":"No Artificial Preservatives","Term":"No Artificial Preservatives","ExtraOutputFields":{},"Min":null,"Max":null,"Applied":false,"Count":251,"Statement":null,"DisplayCoachMarks":false}]},{"Alphabet":"O","Filters":[]},{"Alphabet":"P","Filters":[{"Name":"Peanut Free","Term":"Peanut Free","ExtraOutputFields":{},"Min":null,"Max":null,"Applied":false,"Count":5,"Statement":null,"DisplayCoachMarks":false}]},{"Alphabet":"Q","Filters":[]},{"Alphabet":"R","Filters":[]},{"Alphabet":"S","Filters":[{"Name":"Sesame Free","Term":"Sesame Free","ExtraOutputFields":{},"Min":null,"Max":null,"Applied":false,"Count":5,"Statement":null,"DisplayCoachMarks":false},{"Name":"Soy Free","Term":"Soy Free","ExtraOutputFields":{},"Min":null,"Max":null,"Applied":false,"Count":307,"Statement":null,"DisplayCoachMarks":false}]},{"Alphabet":"T","Filters":[{"Name":"Tree Nut Free","Term":"Tree Nut Free","ExtraOutputFields":{},"Min":null,"Max":null,"Applied":false,"Count":5,"Statement":null,"DisplayCoachMarks":false}]},{"Alphabet":"U","Filters":[]},{"Alphabet":"V","Filters":[]},{"Alphabet":"W","Filters":[]},{"Alphabet":"X","Filters":[]},{"Alphabet":"Y","Filters":[]},{"Alphabet":"Z","Filters":[]}],"State":"Closed","Rank":1,"AdditionalResults":false,"DesignType":"Default","ShowFilter":true,"Statement":"<style>.stringFilter-statement-old .hide-in-mobile {  display: none; }</style><div style=\"display:flex; flex-direction:row; align-items:flex-start; padding:16px; gap:16px; border-radius:8px; background-color:rgb(237, 245, 250); margin-bottom: 20px;\"><i style=\"display: flex;\" class=\"iconNoti-Info_Circle_Filled hide-in-mobile\" aria-hidden=\"true\"><i class=\"path1 icon\"></i> <i class=\"path2 icon\"></i><i class=\"path3 icon\"></i></i><div><p class=\"hide-in-mobile\" style=\"font-weight: 500; font-size: 14px; line-height: 20px; color: rgba(58, 71, 78); align-self: stretch; margin-bottom: 8px;\">This list is a guide only</p><span style=\"font-weight: 400; font-size: 14px; line-height: 20px;\">Please always check the product label or enquire with the manufacturer before consuming.<br><a href=\"https://www.woolworths.com.au/shop/discover/healthy-eating/allergies-and-intolerances/filters\" target=\"_blank\">Learn about our filters  <i aria-hidden=\"true\" class=\"iconAct-External_Link\"></i></a></span></div><div style=\"align-items: top;\"><img class=\"hide-in-mobile\" src=\"https://uatcdn0.woolworths.media/wowssr/a10/browser/assets/images/search/spoon-guru.png\" alt=\"Powered by Spoon Guru\" style=\"height: 24px; width: 66px; display: block;\"/></div></div>","DisplayCoachMarks":false,"DisplayIcons":false},{"Name":"Lifestyle","DisplayName":"Dietary and Lifestyle","Type":"Multi","FilterType":"Term","FilterDataType":"String","Results":null,"ResultsGrouped":[{"Alphabet":"0-9","Filters":[]},{"Alphabet":"A","Filters":[]},{"Alphabet":"B","Filters":[]},{"Alphabet":"C","Filters":[]},{"Alphabet":"D","Filters":[]},{"Alphabet":"E","Filters":[]},{"Alphabet":"F","Filters":[{"Name":"Fair Trade","Term":"Fair Trade","ExtraOutputFields":{},"Min":null,"Max":null,"Applied":false,"Count":13,"Statement":null,"DisplayCoachMarks":false},{"Name":"Free Range","Term":"Free Range","ExtraOutputFields":{},"Min":null,"Max":null,"Applied":false,"Count":9,"Statement":null,"DisplayCoachMarks":false}]},{"Alphabet":"G","Filters":[{"Name":"Gluten Free","Term":"Gluten Free","ExtraOutputFields":{},"Min":null,"Max":null,"Applied":false,"Count":216,"Statement":null,"DisplayCoachMarks":false}]},{"Alphabet":"H","Filters":[{"Name":"Halal","Term":"Halal","ExtraOutputFields":{},"Min":null,"Max":null,"Applied":false,"Count":17,"Statement":null,"DisplayCoachMarks":false},{"Name":"High Fibre","Term":"High Fibre","ExtraOutputFields":{},"Min":null,"Max":null,"Applied":false,"Count":103,"Statement":null,"DisplayCoachMarks":false},{"Name":"High Protein","Term":"High Protein","ExtraOutputFields":{},"Min":null,"Max":null,"Applied":false,"Count":344,"Statement":null,"DisplayCoachMarks":false}]},{"Alphabet":"I","Filters":[]},{"Alphabet":"J","Filters":[]},{"Alphabet":"K","Filters":[{"Name":"Kosher","Term":"Kosher","ExtraOutputFields":{},"Min":null,"Max":null,"Applied":false,"Count":15,"Statement":null,"DisplayCoachMarks":false}]},{"Alphabet":"L","Filters":[{"Name":"Low Fat","Term":"Low Fat","ExtraOutputFields":{},"Min":null,"Max":null,"Applied":false,"Count":216,"Statement":null,"DisplayCoachMarks":false},{"Name":"Low Salt","Term":"Low Salt","ExtraOutputFields":{},"Min":null,"Max":null,"Applied":false,"Count":344,"Statement":null,"DisplayCoachMarks":false},{"Name":"Low Saturated Fat","Term":"Low Saturated Fat","ExtraOutputFields":{},"Min":null,"Max":null,"Applied":false,"Count":118,"Statement":null,"DisplayCoachMarks":false},{"Name":"Low Sugar","Term":"Low Sugar","ExtraOutputFields":{},"Min":null,"Max":null,"Applied":false,"Count":586,"Statement":null,"DisplayCoachMarks":false}]},{"Alphabet":"M","Filters":[]},{"Alphabet":"N","Filters":[]},{"Alphabet":"O","Filters":[{"Name":"Organic","Term":"Organic","ExtraOutputFields":{},"Min":null,"Max":null,"Applied":false,"Count":22,"Statement":null,"DisplayCoachMarks":false}]},{"Alphabet":"P","Filters":[]},{"Alphabet":"Q","Filters":[]},{"Alphabet":"R","Filters":[]},{"Alphabet":"S","Filters":[{"Name":"Source of Fibre","Term":"Source of Fibre","ExtraOutputFields":{},"Min":null,"Max":null,"Applied":false,"Count":272,"Statement":null,"DisplayCoachMarks":false},{"Name":"Source of Protein","Term":"Source of Protein","ExtraOutputFields":{},"Min":null,"Max":null,"Applied":false,"Count":423,"Statement":null,"DisplayCoachMarks":false}]},{"Alphabet":"T","Filters":[]},{"Alphabet":"U","Filters":[]},{"Alphabet":"V","Filters":[{"Name":"Vegan","Term":"Vegan","ExtraOutputFields":{},"Min":null,"Max":null,"Applied":false,"Count":189,"Statement":null,"DisplayCoachMarks":false},{"Name":"Vegetarian","Term":"Vegetarian","ExtraOutputFields":{},"Min":null,"Max":null,"Applied":false,"Count":278,"Statement":null,"DisplayCoachMarks":false}]},{"Alphabet":"W","Filters":[{"Name":"Wholegrain","Term":"Wholegrain","ExtraOutputFields":{},"Min":null,"Max":null,"Applied":false,"Count":2,"Statement":null,"DisplayCoachMarks":false}]},{"Alphabet":"X","Filters":[]},{"Alphabet":"Y","Filters":[]},{"Alphabet":"Z","Filters":[]}],"State":"Closed","Rank":1,"AdditionalResults":false,"DesignType":"Default","ShowFilter":true,"Statement":"<style>.stringFilter-statement-old .hide-in-mobile {  display: none; }</style><div style=\"display:flex; flex-direction:row; align-items:flex-start; padding:16px; gap:16px; border-radius:8px; background-color:rgb(237, 245, 250); margin-bottom: 20px;\"><i style=\"display: flex;\" class=\"iconNoti-Info_Circle_Filled hide-in-mobile\" aria-hidden=\"true\"><i class=\"path1 icon\"></i> <i class=\"path2 icon\"></i><i class=\"path3 icon\"></i></i><div><p class=\"hide-in-mobile\" style=\"font-weight: 500; font-size: 14px; line-height: 20px; color: rgba(58, 71, 78); align-self: stretch; margin-bottom: 8px;\">This list is a guide only</p><span style=\"font-weight: 400; font-size: 14px; line-height: 20px;\">Please always check the product label or enquire with the manufacturer before consuming.<br><a href=\"https://www.woolworths.com.au/shop/discover/healthy-eating/allergies-and-intolerances/filters\" target=\"_blank\">Learn about our filters  <i aria-hidden=\"true\" class=\"iconAct-External_Link\"></i></a></span></div><div style=\"align-items: top;\"><img class=\"hide-in-mobile\" src=\"https://uatcdn0.woolworths.media/wowssr/a10/browser/assets/images/search/spoon-guru.png\" alt=\"Powered by Spoon Guru\" style=\"height: 24px; width: 66px; display: block;\"/></div></div>","DisplayCoachMarks":false,"DisplayIcons":false},{"Name":"Healthstar","DisplayName":"Health Star Rating","Type":"Multi","FilterType":"Term","FilterDataType":"String","Results":null,"ResultsGrouped":[{"Alphabet":"0-9","Filters":[{"Name":"0.5","Term":"0.5","ExtraOutputFields":{},"Min":null,"Max":null,"Applied":false,"Count":4,"Statement":null,"DisplayCoachMarks":false},{"Name":"1","Term":"1","ExtraOutputFields":{},"Min":null,"Max":null,"Applied":false,"Count":16,"Statement":null,"DisplayCoachMarks":false},{"Name":"1.5","Term":"1.5","ExtraOutputFields":{},"Min":null,"Max":null,"Applied":false,"Count":19,"Statement":null,"DisplayCoachMarks":false},{"Name":"2","Term":"2","ExtraOutputFields":{},"Min":null,"Max":null,"Applied":false,"Count":46,"Statement":null,"DisplayCoachMarks":false},{"Name":"2.5","Term":"2.5","ExtraOutputFields":{},"Min":null,"Max":null,"Applied":false,"Count":19,"Statement":null,"DisplayCoachMarks":false},{"Name":"3","Term":"3","ExtraOutputFields":{},"Min":null,"Max":null,"Applied":false,"Count":67,"Statement":null,"DisplayCoachMarks":false},{"Name":"3.5","Term":"3.5","ExtraOutputFields":{},"Min":null,"Max":null,"Applied":false,"Count":117,"Statement":null,"DisplayCoachMarks":false},{"Name":"4","Term":"4","ExtraOutputFields":{},"Min":null,"Max":null,"Applied":false,"Count":104,"Statement":null,"DisplayCoachMarks":false},{"Name":"4.5","Term":"4.5","ExtraOutputFields":{},"Min":null,"Max":null,"Applied":false,"Count":30,"Statement":null,"DisplayCoachMarks":false},{"Name":"5","Term":"5","ExtraOutputFields":{},"Min":null,"Max":null,"Applied":false,"Count":80,"Statement":null,"DisplayCoachMarks":false}]},{"Alphabet":"A","Filters":[]},{"Alphabet":"B","Filters":[]},{"Alphabet":"C","Filters":[]},{"Alphabet":"D","Filters":[]},{"Alphabet":"E","Filters":[]},{"Alphabet":"F","Filters":[]},{"Alphabet":"G","Filters":[]},{"Alphabet":"H","Filters":[]},{"Alphabet":"I","Filters":[]},{"Alphabet":"J","Filters":[]},{"Alphabet":"K","Filters":[]},{"Alphabet":"L","Filters":[]},{"Alphabet":"M","Filters":[]},{"Alphabet":"N","Filters":[]},{"Alphabet":"O","Filters":[]},{"Alphabet":"P","Filters":[]},{"Alphabet":"Q","Filters":[]},{"Alphabet":"R","Filters":[]},{"Alphabet":"S","Filters":[]},{"Alphabet":"T","Filters":[]},{"Alphabet":"U","Filters":[]},{"Alphabet":"V","Filters":[]},{"Alphabet":"W","Filters":[]},{"Alphabet":"X","Filters":[]},{"Alphabet":"Y","Filters":[]},{"Alphabet":"Z","Filters":[]}],"State":"Closed","Rank":1,"AdditionalResults":false,"DesignType":"Default","ShowFilter":true,"Statement":null,"DisplayCoachMarks":false,"DisplayIcons":false}],"HasRewardsCard":true,"HasTobaccoItems":false,"Success":true}